3592 5484
353 591 417 652 206
772 605 960 650 aerumnis
981 607 1019 651 11.

333 780 494 839 trarentur
516 773 550 836 in
575 771 637 834 fine
659 772 838 855 tragoediae
862 773 1065 856 conspicuum
1088 772 1183 836 fuisse
1206 773 1309 838 velum
1333 783 1390 839 aut
1412 784 1458 841 ta·
1554 805 1559 812 ·

333 872 440 936 hulam
472 873 504 935 in
537 894 599 955 qua
630 871 766 935 inlausta
797 871 986 936 Graecorum
1009 874 1167 958 navigatio
1190 875 1312 959 depicta
1335 876 1456 955 fuisset,

332 974 386 1037 sed
409 973 621 1037 infelicissima
643 975 692 1037 usi
717 974 904 1037 coniectura.
929 973 1028 1038 Totus
1051 975 1133 1038 enim
1157 983 1204 1039 est
1226 983 1318 1061 poeta
1339 978 1373 1041 in
1393 1001 1456 1042 ma·

332 1075 371 1138 lis
393 1074 510 1158 quibus
534 1074 625 1138 Troia
649 1073 859 1158 Troiadesque
880 1075 1026 1139 mulieres
1045 1075 1456 1142 afficiunturdescribendis.

332 1177 408 1238 Post
439 1182 604 1238 mactatam
637 1173 837 1258 Polyxenam,
865 1183 1009 1239 necatum
1036 1178 1267 1259 Astyanactem,
1291 1176 1455 1242 abductam

334 1274 593 1355 Andromacham,
624 1277 657 1339 in
681 1299 717 1338 eo
741 1284 789 1340 est
813 1274 945 1339 Hecuba
968 1286 1006 1339 ut
1028 1275 1147 1360 Ulyssis
1169 1300 1278 1341 narem
1303 1279 1457 1344 escendat.

335 1376 491 1461 sepelitur
514 1375 623 1440 infelix
647 1376 791 1440 Hectoris
815 1376 914 1440 filius:
936 1378 1109 1440 adveniunt
1134 1377 1322 1441 Graecorum
1343 1380 1460 1444 milites

334 1478 415 1542 faces
437 1477 581 1540 ardentes
604 1498 699 1541 manu
718 1485 877 1560 gestantes
894 1476 1002 1541 urbem
1022 1478 1165 1541 incendio
1183 1481 1353 1558 vastaturi3
1372 1480 1459 1544 audi·

292 1576 296 1583 ’
334 1586 388 1642 tur
411 1579 562 1664 strepitus
583 1579 705 1641 ruentis
728 1576 815 1640 urbis
831 1585 864 1641 et
887 1586 1041 1663 postrema
1065 1577 1243 1661 tragoediae
1268 1579 1359 1643 verba
1383 1589 1458 1644 snut

337 1680 513 1743 miserantis
536 1678 622 1742 chori

748 1768 777 1829 tt·
801 1766 931 1829 τὶλκιικ
953 1767 1047 1837 πόλις.
1065 1765 1068 1770 ’

381 1869 470 1948 Quae
494 1890 564 1931 cum
588 1869 632 1930 ita
655 1874 768 1930 exeant
789 1875 821 1929 et
844 1868 961 1951 optime
984 1875 1105 1943 exeant,
1129 1869 1200 1949 quis
1223 1877 1286 1931 tam
1312 1869 1456 1955 ineptum

340 1970 435 2032 fuisse
466 1977 587 2054 poetam
618 1968 738 2031 iudicet
761 1975 800 2032 ut
821 1966 955 2031 alterum
980 1971 1099 2031 exitum
1125 1969 1251 2053 insuper
1273 1969 1458 2034 addidisset!

382 2073 523 2155 Apparet
546 2069 645 2152 igit-nr
668 2069 846 2151 tragoediae
869 2069 988 2131 exitum
1011 2068 1140 2152 prologo
1161 2091 1223 2132 non
1247 2092 1428 2154 congruere.

383 2237 412 2294 2.
438 2230 559 2295 Deinde
583 2230 674 2294 habet
696 2231 779 2313 quod
802 2228 938 2292 offendat
956 2228 1128 2313 episodium
1151 2234 1357 2312 soei-1059,
1376 2233 1458 2315 quod

338 2341 401 2395 tam
439 2355 548 2417 parum
581 2354 651 2394 cum
684 2330 943 2416 praecedentibus
973 2340 1004 2392 et
1027 2331 1230 2413 sequentibus
1255 2332 1397 2397 cohaeret
1420 2342 1458 2397 ut

338 2435 362 2496 si
386 2433 517 2512 abesset,
542 2433 620 2496 nihil
644 2433 883 2496 desideraretur.

383 2533 493 2598 Prodit
526 2536 558 2597 in
589 2556 711 2597 scenam
740 2532 905 2597 Menelaus
925 2530 947 2614 ¹)
979 2532 1034 2615 qui
1064 2533 1227 2616 profitetur
1255 2557 1287 2596 se
1311 2535 1461 2598 Μενέλαοι

339 2631 409 2699 εἶναι
443 2634 494 2699 axi
529 2635 689 2714 στράτευμ’
724 2633 881 2712 Ἀχαιικόν
916 2640 948 2695 et
983 2654 1054 2695 cum
1092 2632 1221 2696 Hecuba
1256 2633 1458 2717 colloquitur,

340 2758 434 2819 quam
458 2743 574 2813 tamen,
594 2736 654 2798 nisi
674 2735 865 2819 adscriptum
886 2741 966 2796 esset
985 2755 1108 2812 nomeu,
1128 2756 1190 2797 non
1211 2757 1457 2818 agnosceremus.

341 2837 443 2916 Quam
478 2836 560 2898 enim
591 2836 771 2919 loquentem
803 2834 949 2897 audimus
972 2842 1004 2896 et
1026 2834 1254 2919 philosophicas
1276 2836 1459 2901 fundentem

340 2959 446 3022 preces
469 2958 534 3000 non
553 2937 666 3001 misera
684 2936 740 2998 illa
760 2943 808 2999 est
826 2937 934 3020 regina
954 2935 1183 2999 calamitatibus
1195 2936 1291 2999 fracta
1304 2936 1357 3000 sed
1368 2936 1461 3022 plane

340 3038 411 3100 alia.
441 3036 509 3100 Hoc
532 3045 637 3100 tamen
662 3059 724 3100 non
749 3058 856 3121 urgeo.
880 3036 969 3099 Talia
992 3035 1149 3099 interdum
1174 3059 1236 3100 nou
1260 3046 1350 3101 curat
1372 3038 1462 3101 Euri·

340 3139 427 3224 pides
451 3147 488 3201 ut
509 3137 612 3202 ridere
633 3150 677 3200 est
697 3161 713 3201 e
732 3136 893 3222 tragoedia
913 3136 1034 3216 Oreste,
1056 3138 1147 3200 cuins
1159 3138 1190 3200 in
1203 3136 1300 3201 nobili
1314 3139 1461 3202 initio—

341 3243 405 3303 315
436 3238 700 3323 Clytaemnestrae
732 3239 823 3328 silius=
849 3244 991 3323 aegrotat
1020 3260 1038 3298 a
1066 3237 1156 3300 furiis
1179 3239 1364 3322 exagitatus,
1389 3258 1458 3301 mor

341 3362 414 3404 vero
446 3341 652 3424 aegritudinis
682 3347 712 3401 et
744 3340 896 3403 furiarum
928 3337 1046 3401 oblitus
1074 3345 1206 3401 atrocem
1231 3363 1262 3401 se
1285 3340 1367 3422 gerit
1387 3341 1463 3402 sica·

342 3444 422 3506 rium
447 3449 570 3504 etcum
596 3464 708 3518 sorore,
733 3462 825 3523 quam
849 3438 958 3524 Pyladi
979 3439 1106 3502 minime
1125 3438 1310 3518 inridemus,
1323 3439 1463 3504 Helenae

378 3721 395 3777 ¹)
413 3717 595 3766 Observandum
617 3725 654 3765 est
679 3732 763 3764 rersus
785 3715 853 3763 ebori
880 3714 1012 3762 desiderari
1036 3714 1123 3777 quibus
1140 3713 1248 3761 Menelai
1267 3713 1384 3762 adrentus
1401 3730 1465 3762 nuu-

342 3800 427 3848 tietur.
450 3797 513 3860 quod
535 3805 617 3844 tamen
636 3797 661 3844 iu
679 3797 821 3859 quaestione
841 3793 870 3841 de
887 3793 1008 3841 Troadum
1028 3792 1205 3855 compositione
1225 3801 1393 3850 arnumentum
1411 3808 1464 3840 esce

343 3879 436 3940 nequit,
453 3878 509 3939 quia
528 3885 553 3924 et
571 3875 641 3933 alibi,
659 3891 804 3938 quamquam
821 3875 845 3921 iu
862 3883 932 3921 tanto
948 3888 1106 3936 personarum
1117 3888 1217 3919 numero
1227 3887 1281 3919 raro
1289 3872 1427 3935 (quinquies
1436 3872 1463 3920 ui

344 3957 436 4011 fallori,
453 3956 516 4004 idem
535 3955 632 4002 accidit.
651 3955 702 4018 Ipsi
720 3955 761 4017 qui
777 3954 826 4001 siut
844 3961 951 4008 narrant,
967 3952 1078 3998 adstante
1091 3952 1132 4013 qui
1143 3967 1240 3998 narrare
1249 3951 1369 4013 potuisset
1380 3948 1468 4010 choro,

343 4037 418 4083 Jason
442 4035 514 4092 (tren
541 4033 607 4090 447),
631 4034 759 4082 Menelaus
777 4033 861 4089 (andr.
880 4033 946 4087 309),
964 4030 1157 4091 ΤὴουιΙ)’ωειιυς
1176 4029 1241 4086 ellel.
1261 4030 1342 4086 1165),
1357 4029 1465 4077 Tiresias

343 4114 441 4166 lltaceb.
465 4113 530 4170 170),
550 4112 662 4161 Achilles
684 4113 748 4176 (lph.
774 4112 831 4160 Aul.
849 4113 915 4160 801..
934 4110 1004 4158 Alios
1023 4117 1147 4173 praetereo
1167 4124 1188 4155 r.
1208 4124 1227 4154 e.
1244 4108 1392 4166 Menelaum,
1407 4108 1464 4157 llel.

344 4195 401 4250 386,
427 4194 496 4241 euius
521 4192 651 4239 aduentum
674 4193 789 4239 nuntiare
814 4207 862 4238 non
882 4190 963 4254 potuit
981 4189 1076 4244 chorus,
1093 4189 1150 4250 quia
1168 4204 1194 4235 ex
1213 4189 1337 4236 orchestra
1354 4197 1379 4236 et
1393 4204 1466 4236 scena

344 4256 446 4329 abierat,
463 4280 505 4319 aut
524 4271 637 4321 Dianam.
657 4271 731 4334 llipp.
753 4271 826 4327 1282,
845 4287 905 4332 quae
924 4269 1056 4332 improvisa
1074 4267 1141 4314 veuit
1157 4275 1181 4313 et
1197 4268 1289 4316 nemini
1306 4269 1390 4331 ignota
1404 4275 1465 4325 erat,

344 4360 387 4400 aut
413 4368 501 4407 servos,
526 4367 585 4414 quos
608 4351 730 4398 nominari
755 4366 803 4397 uou
829 4366 890 4413 opus
908 4357 959 4396 erat
976 4348 1033 4410 quia
1049 4364 1063 4393 a
1080 4345 1177 4393 theatro
1196 4363 1208 4394 e
1227 4348 1318 4394 vestitu
1336 4355 1361 4394 et
1377 4346 1465 4394 habitu

345 4431 418 4481 facile
436 4431 534 4494 agnosci
552 4437 675 4493 poterant.
