3592 5484
712 677 1063 723 nnasnornonrszusaa.
1365 665 1427 727 113

330 868 424 924 „uon
453 846 554 912 solum
575 845 614 910 ob
637 869 784 912 numeros
808 846 961 931 verbaque
984 849 1110 932 tragica,
1135 849 1188 914 sed
1214 851 1307 915 etiam
1332 859 1459 939 propter

329 959 445 1038 „illam
491 960 575 1026 vocis
611 959 705 1044 λάίρρι
744 961 995 1046 repetitionem.”
1036 959 1123 1041 Quae
1162 963 1295 1048 probans
1335 964 1456 1051 Enger:

333 1071 446 1149 „Idem
465 1072 504 1138 de
526 1073 626 1138 verbis
646 1097 689 1140 vs.
713 1078 753 1138 89
767 1076 798 1141 τί
808 1075 958 1156 δράσοντ’;
971 1075 1033 1140 είπέ
1044 1101 1093 1154 μοι
1106 1077 1312 1143 animadverti
1324 1082 1458 1165 potest.”

331 1184 413 1251 Fieri
444 1194 548 1273 potest
570 1188 624 1253 sed
648 1188 806 1253 incertum
830 1197 895 1269 est3
919 1212 990 1253 nam
1017 1193 1122 1264 ττολίρν
1146 1230 1191 1240 -
1214 1193 1418 1274 ἠμφιεσμένον
1443 1218 1461 1257 a

334 1303 522 1367 comicorum
542 1302 668 1367 dicendi
687 1325 801 1388 genere
821 1326 883 1369 non
896 1303 1048 1369 abhorret.
1060 1304 1182 1370 Thesm.
1198 1307 1371 1385 851,·Eccl.
1386 1311 1460 1374 879.

334 1527 389 1594 Vs.
416 1521 619 1592 101-129.
645 1527 693 1592 De
721 1528 780 1592 hoc
811 1527 956 1607 carmine,
988 1527 1071 1612 quod
1095 1529 1133 1594 ad
1164 1530 1339 1616 Agathonis
1362 1555 1462 1597 exem-

259 1728 262 1733 >
335 1642 424 1729 plum
447 1643 655 1729 compositum
679 1640 817 1719 videtur,
841 1642 911 1706 vide
933 1640 1092 1726 Engerum
1113 1667 1140 1708 a.
1161 1644 1191 1708 h.
1213 1645 1234 1709 l.
1256 1644 1304 1709 Dc
1323 1644 1463 1720 Ἀσιάδος

335 1757 489 1838 κρούματα
523 1780 567 1822 vs.
606 1760 669 1821 120
701 1755 806 1842 Etym.
838 1755 884 1820 M.
916 1753 1004 1829 οὕτως
1034 1758 1099 1838 Ἀρ.
1129 1754 1191 1823 εἷπε
1214 1760 1351 1841 παρῳδῶν
1374 1762 1407 1825 τὸ
1431 1757 1465 1836 ἐξ

334 1871 496 1952 Ἐρεχθέως
519 1872 690 1952 Εὐριπίδου.
717 1870 768 1935 Fr.
796 1872 871 1934 371.

337 2097 392 2163 Vs.
418 2090 486 2161 136
510 2120 577 2182 sqq.
601 2095 734 2169 ποδαπὸς
759 2097 772 2160 ί
796 2095 914 2175 νύννιςς
939 2096 983 2169 τίς
1006 2095 1124 2178 πάτρας
1148 2097 1193 2170 τίς
1215 2098 1232 2171 ἡ
1255 2100 1365 2173 οτολιίς

607 2212 651 2283 τίς
673 2211 690 2284 ἦ
713 2207 836 2292 τάραξις
859 2214 910 2275 τοῦ
934 2209 1015 2288 βίους
1039 2211 1070 2274 τί
1091 2210 1233 2291 βάρβιτος

607 2332 702 2390 λαλεῖ
719 2326 867 2405 κροκυτῷ;
891 2324 922 2388 τί
944 2324 975 2388 δὲ
998 2323 1070 2404 λάρα
1095 2325 1287 2406 κεκρυφάλοις

534 2414 540 2421 .
606 2438 637 2502 τί
658 2438 780 2512 λιίκυίος
802 2438 855 2502 καί
879 2437 1028 2525 οτρίφιον;
1052 2439 1089 2509 ὥς
1112 2439 1143 2502 οὖ
1167 2435 1325 2520 ξύμφορον.

607 2553 652 2626 τίς
675 2551 726 2617 δαί
750 2551 915 2633 κατόπτρου
938 2550 989 2616 καί
1012 2550 1115 2634 ξίφους
1138 2554 1282 2629 κοινωνίας
1306 2554 1368 2618 κτὲ.

384 2666 501 2733 Versus
530 2667 621 2733 affert
650 2666 859 2751 etetralogia
882 2665 1046 2752 Lycurgia.
1070 2665 1172 2731 Schol.
1197 2666 1276 2745 λέγει
1300 2666 1331 2732 δὲ
1354 2668 1384 2732 ἐν
1406 2675 1466 2741 τοῖς

338 2783 478 2856 Ἠδωνοῖς
500 2784 569 2860 πρὸς
592 2781 641 2846 τίν
665 2779 876 2861 ουλλνφίίντα
898 2777 1047 2844 Διίνυοονι
1067 2779 1198 2852 ποδαπὸς
1221 2779 1367 2859 ίνιίννιςς
1380 2778 1467 2845 Nota

336 2901 384 2960 est
406 2894 535 2959 historia
557 2894 639 2979 regis
662 2892 856 2974 Edoncrum,
877 2892 1025 2978 Lycurgi,
1045 2894 1100 2977 qui
1120 2893 1279 2958 Bacchum
1299 2895 1462 2980 captivum

340 3032 440 3076 coram
476 3033 508 3074 se
542 3009 617 3074 duci
648 3008 750 3087 iussit,
783 3007 891 3094 Apoll.
922 3006 1029 3071 1115.
1056 3009 1086 3085 1,
1110 3009 1140 3086 8,
1165 3006 1248 3092 quod
1271 3008 1365 3072 etiam
1388 3007 1468 3073 Pen-

339 3124 432 3188 theus
462 3124 537 3188 fecit
566 3145 659 3207 quem
692 3144 764 3187 cnm
796 3121 920 3186 Baccho
949 3121 1176 3205 colloquentem
1199 3122 1231 3186 in
1254 3145 1377 3186 scenam
1400 3145 1468 3208 pro-

340 3237 433 3302 duxit
455 3235 634 3323 Euripides,
660 3235 773 3300 Bacch.
800 3238 863 3299 451
888 3256 966 3318 sqq.,
991 3234 1180 3320 Aeschylum
1203 3235 1355 3300 imitatus.

385 3351 433 3416 Ex
455 3351 659 3415 annotatione
682 3349 866 3413 scholiastae
889 3370 954 3413 non
977 3349 1119 3433 sequitur
1143 3348 1175 3412 in
1200 3348 1282 3414 hisce
1305 3348 1385 3414 nihil
1407 3349 1468 3414 nisi

342 3466 474 3538 ποδαπὸς
497 3466 510 3529 ὁ
534 3464 650 3543 γύννιςς
675 3463 885 3548 Aeschyleum
909 3485 983 3543 esse,
1009 3471 1039 3526 et
1062 3470 1168 3527 contra
1188 3461 1405 3528 Hermannum
1422 3488 1466 3529 vs.

345 3581 407 3643 136
442 3585 568 3642 tantum
605 3577 760 3663 Aeschylo
791 3575 983 3642 tribuentem
1015 3574 1092 3640 bene
1121 3574 1294 3660 disputavit
1316 3575 1468 3641 Fritsche.

342 3692 449 3757 Huius
483 3699 668 3774 argumenta
698 3696 784 3769 sunt,
817 3691 954 3774 primum
985 3690 1067 3773 quod
1098 3689 1221 3774 longam
1245 3667 1468 3775 praelationem
1520 3690 1525 3699 ’

341 3806 535 3892 praemiserit
570 3807 637 3879 Ar„
674 3826 737 3888 quo
766 3802 899 3867 indicari
929 3826 991 3867 non
1017 3803 1107 3867 modo
1132 3804 1284 3887 insignem
1307 3803 1466 3890 parodiam

341 3918 487 4004 subsequi
512 3942 621 3983 verum
645 3920 740 3982 etiam
763 3918 869 4003 plures
893 3940 949 4003 per
971 3940 1075 3981 versus
1100 3917 1331 3996 continuatam
1355 3917 1468 3982 deinde

342 4032 461 4097 indoles
491 4032 668 4110 verborum,
700 4033 844 4118 inprimis
875 4053 935 4095 sss.
973 4034 1044 4111 lll,
1071 4034 1151 4109 144;
1175 4031 1310 4115 denique
1332 4032 1471 4096 testimo·

342 4147 432 4211 nium
463 4146 655 4212 Scholiastae
680 4145 719 4209 ad
743 4169 787 4210 vs.
814 4147 876 4209 136
902 4144 1056 4230 (Meineke
1081 4145 1148 4209 inre
1172 4145 1203 4209 id
1227 4144 1338 4209 retulit
1362 4144 1401 4209 ad
1425 4168 1467 4210 vs.

344 4263 418 4344 137)
448 4263 574 4326 ἐντεῦθεν
604 4260 657 4332 τὴν
688 4261 785 4340 άρχίρν
814 4260 969 4338 Εὔβουλος
993 4259 1147 4333 ἐποιάτατο
1171 4264 1221 4323 τοῦ
1247 4260 1403 4334 Διονυσίου,
1427 4261 1469 4324 τά

341 4352 466 4454 άνίροοια
499 4379 556 4439 τῶν
591 4376 621 4439 ἐν
650 4384 687 4455 τῇ
721 4375 869 4438 Διονυτίου
893 4375 967 4456 οίκίρι
990 4372 1174 4450 καταλέγων.
1200 4372 1360 4437 Eubulum
1385 4375 1468 4438 enim

343 4513 406 4556 non
439 4489 660 4577 Aristophanis
695 4488 766 4554 sed·
785 4488 933 4574 Aeschyli
968 4486 1144 4572 exemplum
1172 4484 1230 4550 sibi
1259 4487 1467 4573 proposuisse.

930 4588 934 4594 ·
1327 4597 1342 4639 a
