3592 5484
321 701 341 762 6
720 704 726 712 ’
742 718 979 763 acnaanasses.

298 892 431 972 postque
454 886 526 950 δοκῶ
545 908 617 949 cum
637 883 793 948 Muellero
813 885 1012 948 reticentiam
1031 887 1209 949 statuamus
1227 907 1350 950 necesse
1369 893 1426 966 eet,

298 1020 393 1085 quam
425 1021 488 1062 non
517 999 677 1076 miramur,
708 998 783 1082 quia
815 998 847 1062 in
877 992 962 1062 hisce
986 994 1239 1083 responsionibus
1262 1019 1427 1062 nnmerum

298 1113 433 1176 duorum
455 1134 602 1176 versuum
626 1112 771 1176 excedere
793 1119 905 1197 poetae
928 1133 992 1175 non
1017 1110 1120 1174 licuit.
1141 1108 1312 1175 Profitetur
1330 1112 1428 1196 igitur

298 1225 511 1312 Dicaeopolis:
542 1228 652 1290 Dicere
679 1249 755 1311 quoe
783 1227 879 1290 centio
909 1249 966 1289 non
999 1226 1178 1311 reformidoe
1208 1232 1312 1289 cneco
1339 1234 1428 1309 caput

299 1341 447 1423 inponens
475 1343 561 1405 veroa
576 1343 687 1426 facere
701 1347 835 1423 paratus
856 1363 920 1404 eum
943 1347 973 1403 et
994 1341 1023 1403 si
1045 1362 1102 1402 non
1127 1337 1209 1402 irrata
1228 1341 1351 1426 profero
1375 1341 1430 1422 (mc

299 1454 485 1543 interficite).
524 1452 615 1517 Hanc
656 1453 768 1517 horum
803 1475 951 1518 versuum
986 1453 1083 1516 fnisse
1116 1454 1305 1517 sententiam
1339 1451 1429 1518 docet

299 1568 432 1653 scriptor
462 1567 685 1654 hypotheseos:
719 1568 732 1631 ὁ
763 1568 795 1632 δὲ
826 1568 1031 1648 ὑποσχόμενος
1055 1567 1125 1647 ὑπὲρ
1147 1563 1282 1641 ἐπιξήνου
1304 1567 1358 1639 τὴν
1380 1593 1427 1632 κε-

299 1680 403 1760 Φκλὴν
434 1680 512 1761 ἔχων
540 1680 795 1760 &romptorum
827 1683 878 1763 ἐφ’
911 1675 976 1762 ᾧτε,
1008 1680 1044 1746 ἂν
1076 1681 1120 1759 μὶν
1149 1680 1234 1762 πείνῃ
1266 1681 1306 1744 τὲ
1330 1681 1428 1746 δι’κκνκ

300 1793 405 1872 λέγων,
429 1797 477 1858 τὸν
499 1793 650 1874 τράχηλον
672 1794 927 1868 &nomentan

346 1906 415 1970 Iam
445 1908 558 1987 omnia,
590 1908 709 1993 opinor,
743 1908 920 1974 cohaerent.
950 1907 1023 1973 Non
1049 1908 1185 1994 amplius
1208 1908 1342 1972 duarum
1366 1931 1430 1973 ora·

300 2023 424 2086 tionum
452 2023 571 2086 mentio
599 2021 637 2085 fit
659 2022 713 2085 sed
738 2023 842 2109 unius,
866 2023 985 2109 optimc
1009 2029 1189 2106 congruunt
1213 2022 1300 2085 allati
1325 2044 1430 2087 versus

301 2157 373 2200 cum
405 2159 447 2198 rs.
480 2137 554 2215 364,
587 2138 661 2217 417,
693 2139 768 2217 486,
801 2139 996 2214 492-1953
1027 2137 1157 2200 affertur
1179 2144 1310 2200 truncus
1318 2163 1327 2214 3
1352 2135 1430 2201 alter

300 2249 457 2336 Telephus
480 2260 576 2336 caput
597 2250 729 2316 inflectit
753 2259 785 2315 et
808 2250 901 2316 verba
924 2251 1001 2315 facit
1022 2254 1218 2330 496-556;
1238 2251 1431 2316 altercantur

301 2365 385 2429 inter
413 2387 444 2427 se
468 2364 692 2445 Achomenses,
717 2388 788 2452 pars
811 2373 850 2428 ut
873 2388 945 2429 eum
969 2363 1115 2429 occident
1137 2365 1170 2428 in
1196 2387 1318 2428 scenam
1340 2387 1431 2429 ruere

300 2479 424 2557 volunt,
458 2503 527 2564 pars
557 2489 595 2545 ut
624 2503 696 2545 enm
726 2480 914 2559 deiendaut;
946 2480 979 2544 hi
1009 2480 1172 2544 victoriam
1197 2486 1431 2564 consequuntur

301 2617 345 2657 va
372 2595 452 2671 571;
475 2596 575 2679 surgit
598 2593 796 2681 Dicaeopolis
820 2602 852 2659 et
875 2595 980 2659 salvus
1005 2603 1062 2658 est.

347 2708 394 2774 Ex
424 2710 462 2772 iis
489 2731 569 2792 quae
599 2711 726 2795 exposui
758 2717 888 2795 apparet
916 2731 981 2773 non
1012 2706 1203 2794 probandam
1228 2731 1292 2772 esse
1317 2709 1432 2772 coniec-

302 2832 408 2888 turam
430 2845 524 2908 quam
547 2825 709 2910 proposuit
731 2822 902 2887 Brambach
923 2822 1007 2887 Mus.
1031 2822 1130 2886 Rhen.
1152 2824 1238 2885 1866
1259 2844 1288 2907 p.
1312 2823 1374 2886 148
1386 2846 1430 2908 sq.

302 2937 492 3024 'l'ransponit
521 2938 573 3003 hic
603 2940 702 3003 varias
735 2936 775 3003 ob
806 2961 914 3003 causas
944 2960 1052 3002 versus
1084 2939 1260 3001 315-318
1290 2945 1361 3023 post
1388 2960 1431 3002 vs.

304 3051 380 3131 802,
403 3052 448 3114 ita
473 3059 509 3116 ut
533 3059 603 3137 post
625 3049 718 3117 verba
741 3051 829 3117 chori
948 3051 1137 3129 καττύματα
1157 3050 1202 3114 ita
1220 3050 1433 3135 distinguatur

548 3164 618 3230 Dic.
641 3170 725 3230 τοῦτο
751 3165 856 3238 τοῦπος
877 3203 924 3214 -
945 3162 1175 3246 τκρκξνκνὶρδνον.

549 3276 642 3343 Chor.
666 3278 691 3342 ei
713 3279 750 3342 σὺ
878 3316 925 3327 -
946 3279 1019 3356 ἡμῖν
1042 3279 1147 3356 λέγειν.

548 3391 617 3456 Dic.
642 3391 698 3455 κῖν
720 3416 757 3469 γε
779 3392 824 3470 μὶν
876 3429 923 3439 -
946 3391 1025 3472 ἔχων
1048 3392 1154 3469 λέγειν.

547 3505 637 3571 Chor.
662 3512 714 3572 τοῦ
738 3507 765 3571 δ’
789 3508 849 3584 ἐγὼ
878 3544 923 3554 -
947 3506 1085 3587 caupone

349 3619 467 3684 Verum
496 3621 539 3684 sic
570 3621 718 3685 orationis
747 3642 847 3684 nexus
870 3619 1006 3684 tollitur.
1031 3620 1127 3682 Arete
1150 3623 1235 3682 enim
1258 3619 1434 3699 cohaerent,

304 3742 344 3799 nt
372 3735 434 3798 iarn
462 3735 597 3799 vidimus
625 3737 659 3800 τὸ
689 3732 821 3809 ἐπίξηνον
849 3756 893 3799 vs.
927 3736 991 3798 318
1017 3741 1049 3798 et
1072 3729 1261 3807 κκτννξκίνενν
1283 3756 1327 3798 vs.
1354 3735 1434 3812 320;

304 3849 428 3930 deinde,
460 3872 531 3914 cum
554 3858 686 3915 truncus
708 3850 764 3914 ille
787 3857 884 3935 caput
907 3857 940 3913 et
963 3849 1054 3934 quasi
1078 3847 1172 3913 cardo
1195 3847 1236 3911 sit
1258 3848 1356 3912 totins
1378 3848 1435 3912 hu-

304 3964 355 4029 ins
378 3971 571 4060 actusppost
594 3962 824 4048 Dicaeopolidis
840 3962 935 4028 rerba
955 3963 1025 4043 ὑπὲρ
1043 3958 1119 4036 ἕντνξ.
1141 3976 1208 4026 xre
1229 3984 1290 4026 non
1310 3961 1435 4026 ferenda

305 4084 353 4140 eet
393 4078 589 4141 ratiocinatio
632 4081 684 4142 τοῦ
717 4075 744 4140 δ’
780 4077 839 4154 ἐγὼ
873 4075 980 4154 Μ’γννς
1015 4075 1152 4152 λέγοντος
1186 4077 1239 4139 οὐκ
1271 4074 1436 4154 ἀκούσομαι

304 4188 444 4268 μικρούς,
467 4204 536 4256 κτλ.

170 4337 175 4347 ·
233 4304 239 4309 “
350 4303 402 4365 An
432 4302 464 4365 in
495 4303 565 4367 aliis
594 4325 720 4387 qnoque
750 4300 900 4381 versibus,
924 4309 1049 4387 praeter
1074 4324 1126 4365 eos
1150 4323 1229 4385 quos
1253 4300 1347 4365 attuli
1371 4303 1434 4366 317

305 4421 337 4478 et
357 4416 432 4497 ala,
452 4415 578 4502 parodia
595 4415 773 4501 quaerenda
793 4417 835 4481 sit
856 4415 1029 4481 diiudicare
1051 4414 1177 4479 difficile
1196 4422 1252 4478 est.
1275 4413 1359 4478 Alibi
1380 4422 1437 4478 ant

305 4534 439 4592 metrum
470 4536 527 4593 ant
556 4527 649 4593 verba
677 4529 798 4614 tragica
830 4529 911 4593 riam
943 4535 1132 4607 monstrant,
1163 4527 1215 4593 hic
1245 4528 1309 4592 suis
1336 4526 1438 4592 verbis
