3592 5484
845 726 1081 772 ACHARNENSBS.

546 905 582 959 A.
609 894 686 974 άιάρ
709 895 740 957 οὐ
764 894 870 973 λαχὼν
893 893 972 972 ὅμως
996 892 1120 974 ἔλαχες,
1144 886 1263 968 ἦν’νοῦν
1286 893 1370 976 ἔχῃς.

545 1019 575 1072 Β.
608 1012 670 1080 τῶς
693 1004 726 1080 ἣν
749 1006 811 1087 ἔχω
834 1013 977 1084 νοῦν;.Α.
1003 1006 1045 1072 ἔτι
1068 1010 1176 1089 τοννρῷ
1201 1008 1253 1073 καὶ
1277 1007 1346 1090 ξένῳ

600 1121 751 1201 ε’τὲλαχες
774 1122 864 1202 οἰνδρί·7

404 1356 456 1421 Vs.
482 1348 580 1446 400.ι
757 1355 778 1423 ά
801 1359 987 1441 τρισμακάρι’
1012 1361 1163 1441 Εὐριπιδκ,
1211 1416 1215 1426 .

624 1471 708 1538 tt'o'
733 1474 833 1542 δοῦλος
856 1473 961 1538 οὑτωσὶ
984 1452 1086 1554 σοφῶς
1110 1474 1301 1555 ὑποκρίνεται.

340 1675 350 1684 -
448 1635 551 1700 Sclrol.
577 1635 734 1714 διαβάλλει
757 1638 805 1701 τὸν
825 1638 988 1718 Εὐριπίδην
1008 1636 1050 1701 ἔτι
1071 1639 1176 1710 δεινοὺς
1195 1639 1305 1716 εἰσάγει
1324 1641 1390 1712 τοὺς
1410 1638 1526 1711 δούλους

402 1749 431 1811 ἕν
461 1758 497 1829 τῇ
528 1751 684 1833 τραγῳδία
718 1749 814 1814 Hunc
835 1750 885 1815 vel
910 1750 1063 1816 eiusmodi
1086 1751 1188 1816 locum
1213 1754 1379 1838 respexisse
1402 1754 1527 1818 videtur

403 1861 554 1947 Origenes
585 1887 610 1928 c.
641 1863 721 1929 Cels.
754 1864 820 1929 VII
850 1890 880 1953 p.
916 1869 978 1930 720
1010 1868 1058 1931 ed.
1090 1867 1128 1932 de
1159 1867 1190 1931 la
1219 1867 1299 1948 Rue,
1322 1869 1411 1934 cuins
1436 1867 1527 1933 verba

274 2031 282 2048 ‚
402 1978 521 2042 confert
558 1977 692 2042 Knster:
733 1980 889 2059 Εὐριπιδης
927 1981 959 2044 δὲ
997 1981 1052 2045 ὑπὸ
1083 1981 1311 2063 Ἀριστοφάνους
1345 1984 1527 2063 κωμῳδεῖται

403 2093 440 2164 ὡς
463 2092 675 2173 άκαιρορρῆμωυ
699 2093 747 2158 διιὶ
770 2095 803 2158 τδ
826 2094 971 2167 πολλάκις
994 2092 1216 2176 περιτεθεικέναι
1235 2094 1338 2182 λόγους
1357 2096 1526 2173 δογμάτων,

403 2202 439 2268 ὧν
482 2207 542 2270 άπὸ
584 2204 785 2288 Ἀναξαγόρου
826 2207 842 2281 ἦ
885 2232 960 2280 τινος
1000 2207 1100 2287 ἔμαθε
1134 2214 1199 2273 τῶν
1224 2215 1331 2291 σοφῶν,
1366 2209 1527 2290 βαρβάροις

404 2316 538 2396 γυναιξὶν
560 2318 577 2392 ἢ
601 2319 733 2393 οἰκέταις.

447 2432 577 2518 Saepius
599 2433 822 2521 Aristophanes
845 2435 939 2500 verba
963 2436 1151 2521 tragicorum
1177 2436 1212 2500 ad
1239 2437 1340 2500 iocum
1360 2434 1527 2519 detorquet

402 2568 464 2610 nou
490 2554 527 2610 ut
548 2545 765 2632 reprehendat,
789 2548 843 2612 sed
868 2557 905 2613 nt
927 2550 1034 2634 gravia
1058 2549 1239 2634 vulgaribus
1258 2573 1444 2636 componens
1463 2552 1527 2615 ani-

403 2683 468 2725 mos
498 2661 676 2725 auditorum
707 2661 891 2728 oblectetur.
924 2661 986 2727 Hic
1017 2672 1124 2728 tamen
1148 2663 1290 2728 ridet-ut
1312 2664 1525 2749 reprehendat.

403 2773 563 2860 Improbat
591 2777 673 2839 enim
704 2776 888 2862 Euripidem
920 2778 1080 2842 interdum
1110 2801 1213 2842 servos
1245 2778 1391 2842 iuducere
1427 2784 1526 2860 σοφῶς

403 2889 423 2954 i.
447 2913 473 2953 e.
498 2890 711 2976 philosophice
733 2891 909 2975 loquentes.
929 2891 979 2976 (cl.
1001 2890 1080 2956 Rau.
1103 2894 1177 2974 949)
1197 2889 1367 2955 Videamus
1387 2913 1427 2954 an
1447 2891 1525 2975 iure.-

404 3002 497 3083 Quod
526 3003 693 3090 Euripides
725 3004 756 3068 id
788 3005 863 3069 fecit
893 3027 930 3068 ex
960 3014 1048 3090 parte
1079 3003 1283 3069 tribuendum
1313 3012 1359 3068 est
1387 3005 1527 3090 opinioni

403 3140 497 3202 quam
534 3117 573 3182 de
603 3119 697 3182 servis
727 3117 846 3197 habuit,
879 3140 1023 3203 quaeque
1056 3118 1083 3181 ei
1115 3118 1225 3182 honori
1256 3117 1316 3182 fnit
1347 3140 1526 3203 quanquam

403 3253 464 3295 non
487 3231 531 3295 sic
553 3231 712 3296 videretur
736 3231 951 3323 Aristophani.
976 3230 1049 3296 Non
1075 3231 1157 3295 enim
1178 3228 1341 3294 verebatur
1360 3252 1527 3315 agnoscere

365 3392 369 3400 .
403 3366 505 3410 servos
534 3346 659 3409 nomine
688 3351 814 3408 tantum
845 3343 884 3408 ab
915 3344 1062 3430 ingenuis
1092 3343 1224 3421 differre,
1257 3365 1285 3407 v.
1316 3366 1342 3408 c.
1367 3342 1436 3409 Ion.
1461 3346 1524 3408 855

404 3480 481 3543 sqq„
505 3457 578 3523 Hel.
606 3459 668 3522 728
688 3480 766 3544 sqq,
785 3459 824 3523 ir.
847 3462 921 3537 514,
945 3461 1019 3538 515,
1041 3460 1116 3547 828.
1137 3457 1197 3523 Sed
1210 3457 1272 3521 alia
1283 3458 1411 3523 accessit
1423 3480 1526 3522 causa.

402 3573 602 3637 Existimavit
623 3572 790 3659 Euripides
813 3573 930 3657 grande
949 3572 1073 3637 dicendi
1094 3594 1192 3656 genus
1200 3570 1311 3636 decere
1323 3572 1526 3658 tragoediam,

402 3709 504 3770 neque
535 3687 688 3751 variarum
719 3708 932 3772 personarum,
964 3708 1042 3770 quas
1065 3688 1098 3750 in
1121 3709 1211 3750 scena
1235 3686 1285 3772 agi
1309 3685 1419 3765 voluit,
1445 3686 1527 3750 sicut

403 3800 565 3888 oportebat
590 3801 738 3866 rationem
762 3800 883 3865 habuit.

447 3913 572 3999 Inspice
607 3914 737 3980 Medeae
768 3938 812 3980 vs.
845 3919 888 3980 49
919 3937 986 3999 sqq.
1022 3925 1054 3979 et
1088 3916 1195 3979 audies
1228 3936 1348 3978 servum
1380 3914 1526 3979 ancillam

402 4027 610 4092 salutantem:
636 4112 639 4116 ἡ

639 4143 766 4206 παλαιὸν
789 4140 870 4207 οἴκων
892 4150 998 4220 κτῆμα
1022 4141 1172 4215 δεσποίνης
1194 4142 1281 4219 ἐμῆς,

402 4311 459 4368 aut
482 4303 599 4368 Alcest.
623 4326 667 4368 vs.
694 4304 772 4383 7573
796 4303 892 4369 habes
913 4326 1037 4370 servum
1056 4311 1237 4387 querentem
1259 4306 1343 4391 qnod
1361 4305 1525 4387 Hercules,

402 4439 473 4482 cum
504 4417 611 4482 dolore
642 4419 771 4483 affectus
802 4419 844 4482 sit
875 4417 1031 4494 dominus,
1055 4418 1088 4481 in
1113 4418 1181 4482 eius
1205 4418 1295 4483 domo
1318 4427 1407 4506 potet
1429 4426 1525 4503 atque

401 4529 565 4616 epuletur:
