3592 5484
361 641 401 702 50
851 654 960 700 susas.

338 846 452 902 „cesse
482 831 539 901 est,
571 824 597 887 si
625 824 689 888 duo
717 823 860 888 homines
885 831 951 886 tam
975 821 1113 908 dispares
1135 823 1265 908 ingenii,
1289 844 1384 906 quam
1407 823 1473 888 fue

340 943 446 1017 „runt
478 936 668 1002 Heliodorus
700 945 732 1002 et
764 934 1074 1021 PseudoGregorius
1105 935 1214 1001 iisdem
1236 937 1348 1022 tragici
1371 935 1473 1001 verbis

339 1051 403 1129 „in
433 1050 563 1115 eandem
594 1049 757 1136 parodiam
781 1049 1041 1115 abuterentur.”.
1056 1099 1063 1113 .
1078 1098 1085 1112 .
1101 1098 1132 1112 ..
1158 1047 1292 1128 „Quare
1315 1049 1469 1127 existimo,

342 1162 556 1248 „Euripidem
591 1164 694 1249 primo
725 1163 885 1249 scripsisse
915 1163 1001 1246 quod
1032 1164 1064 1226 in
1096 1163 1235 1247 marffl'nc
1264 1162 1355 1249 posui
1385 1162 1417 1248 (i.
1442 1185 1470 1226 e.

343 1326 364 1356 „
373 1276 489 1360 λάγους)
497 1305 506 1357 3
526 1278 650 1357 deiude,
669 1275 709 1341 ab
722 1275 933 1363 Aristophane
946 1284 1074 1362 propter
1086 1276 1244 1341 dumorem
1256 1275 1470 1362 metaphoram

340 1392 403 1469 „in
434 1413 525 1456 soena
554 1391 738 1456 traductum
762 1389 924 1475 vulgatam
948 1389 1113 1454 lectionem
1137 1381 1337 1454 substituisse
1362 1396 1400 1454 ut
1423 1412 1472 1455 su·

340 1526 425 1590 „pra
447 1503 542 1569 300.”

387 1621 432 1683 At
466 1618 542 1683 haec
564 1618 680 1682 summi
703 1617 763 1681 viri
786 1617 969 1682 coniectura
991 1639 1054 1680 uon
1078 1615 1204 1680 tollitur
1226 1614 1394 1680 difficultas
1416 1616 1471 1681 sed

340 1733 372 1797 in
402 1732 500 1796 alium
531 1732 635 1797 locum
663 1732 861 1796 transfertur.
892 1729 1090 1809 Vocabulum
1118 1730 1222 1808 λόγους
1251 1729 1382 1795 Medeae
1406 1751 1471 1795 ora·

340 1846 420 1910 tioni
443 1854 507 1909 tam
532 1868 642 1931 parum
662 1854 773 1932 aptum
793 1852 842 1910 est
863 1853 900 1909 ιιι
920 1844 999 1908 mihi
1017 1843 1203 1930 persuadere
1215 1866 1367 1928 nequeam
1380 1844 1471 1909 Euri·

339 1958 444 2045 pidem
468 1959 513 2021 ita
535 1959 704 2045 scripsisse,
728 1959 789 2024 nisi
812 1966 990 2022 statuamus
1016 1980 1088 2022 eum
1112 1965 1214 2022 totum
1235 1958 1338 2023 locum
1359 1958 1432 2023 inde
1450 1983 1469 2022 a

229 2074 230 2077 ’
340 2096 383 2137 vs.
415 2075 500 2136 1306
524 2075 693 2138 mutavisse
717 2080 755 2138 ut
776 2076 817 2154 τῷ
841 2073 947 2150 λόγους
969 2070 1098 2137 verbum
1124 2071 1225 2144 πύλας
1248 2071 1466 2152 substitueret,

339 2187 424 2271 quod
447 2208 509 2251 non
532 2187 702 2252 verisimile
725 2181 781 2252 est.

385 2299 470 2364 Weil
501 2301 539 2365 ed
570 2301 656 2366 Med.
691 2304 788 2380 1317,
817 2302 850 2365 in
884 2302 953 2383 Sept
981 2302 1127 2383 traqediee
1156 2300 1349 2383 d’Euripide:
1379 2297 1469 2378 „Ges

341 2413 453 2492 „deur
477 2437 554 2494 vers,
577 2415 659 2478 celui
683 2415 727 2479 du
751 2416 897 2499 tragique
921 2423 953 2478 et
976 2415 1020 2478 du
1040 2414 1182 2498 comique
1202 2412 1357 2478 semblent
1375 2413 1468 2478 s'etre

339 2527 524 2607 „conlondu
551 2527 627 2593 dans
652 2527 681 2593 la
705 2527 854 2593 memoire
878 2528 933 2592 des
956 2527 1062 2592 Grecs.
1087 2525 1170 2591 C'est
1191 2528 1271 2591 ainsi
1293 2526 1468 2592 seulement

338 2643 463 2724 „qu'ou
492 2651 570 2726 peut
600 2641 763 2728 expliquer
794 2664 856 2726 que
888 2641 1025 2705 l'auteur
1057 2639 1099 2705 du
1124 2638 1196 2705 Chr.
1222 2639 1290 2705 Pat.
1317 2640 1361 2705 ait
1384 2640 1463 2705 ecrit

339 2755 446 2834 „dans
479 2777 535 2819 son
570 2762 684 2819 centon
715 2755 927 2833 rl—hc'yevess'
959 2751 1064 2818 Habet
1094 2752 1167 2817 talis
1200 2752 1316 2818 solutio
1347 2776 1410 2838 quo
1435 2778 1467 2819 se

339 2869 544 2933 commendet.
569 2872 614 2933 At
636 2892 699 2934 non
722 2870 798 2933 satis
818 2869 909 2935 video
934 2869 989 2953 qui
1009 2867 1126 2932 factum
1146 2869 1187 2931 sit
1207 2876 1244 2931 ut
1265 2867 1375 2932 Graeci
1394 2891 1466 2933 oum

338 2983 464 3066 tragicis
497 2981 598 3047 verbis
631 2983 806 3056 rl-arleae
838 2982 943 3047 locum
973 2990 1037 3046 tam
1068 2982 1221 3068 disparem
1254 2988 1358 3047 mariv
1389 2986 1466 3049 ἐπῶν

339 3096 383 3179 (in
414 3093 537 3161 duobus
575 3118 655 3181 quos
693 3098 830 3182 inspexit
865 3095 984 3161 Person
1016 3094 1195 3161 codicibus:
1228 3096 1332 3179 λόγων)
1362 3097 1466 3172 κινητὰ

338 3209 390 3274 sa}
420 3210 579 3289 μοχλειιτά
609 3210 810 3276 confuderint
842 3219 875 3276 et
906 3212 951 3274 ita
982 3210 1219 3296 permiscuerint
1243 3219 1280 3274 ιιι
1302 3211 1335 3275 in
1359 3211 1465 3277 codiee

337 3322 532 3407 PsGregorii
556 3346 612 3410 pro
635 3325 744 3398 πύλαις,
769 3325 875 3403 λόγους
900 3323 1097 3389 scriberetur.

383 3436 468 3517 Quid
500 3438 598 3522 igitur
626 3438 816 3504 censendum
849 3439 891 3503 sit
923 3460 972 3502 me
1000 3438 1119 3502 nescire
1142 3438 1249 3503 fateor.
1275 3437 1342 3503 Hoc
1366 3461 1466 3504 unum

336 3549 506 3614 tenendum
550 3559 599 3614 est
640 3574 745 3616 errare
784 3552 841 3636 qui
879 3559 995 3637 putent
1035 3550 1276 3636 Aristophanem
1309 3552 1367 3616 hoe
1396 3552 1466 3619 loco

334 3661 496 3748 Euripidis
529 3662 697 3729 dictionem
723 3664 967 3751 reprehendisse.
992 3663 1043 3729 Sic
1069 3663 1208 3750 Doering
1230 3665 1262 3729 in
1286 3664 1463 3752 Philologo,

337 3776 421 3839 1867
455 3799 485 3862 p.
519 3779 592 3857 224,
622 3776 660 3842 de
684 3777 773 3842 bled.
801 3779 899 3857 1317,
924 3777 1114 3849 τί-πύλιςε
1139 3780 1222 3855 „dn
1245 3778 1348 3843 dieser
1370 3802 1466 3866 unge

334 3889 561 3966 „ubhnlicheu
584 3891 650 3956 und
674 3892 849 3977 gesuchten
872 3891 987 3979 phrase
1013 3914 1084 3955 nam
1109 3893 1164 3955 Ar.
1183 3900 1303 3957 anstoss
1324 3892 1390 3958 und
1409 3917 1467 3980 cog

336 4002 418 4081 „dns
446 4003 634 4070 auffallcnde
668 4004 832 4070 derselben
867 4004 990 4069 boshaft
1013 4005 1062 4068 ins
1086 4004 1280 4084 lticherliche,
1305 4007 1410 4072 indem
1434 4030 1466 4072 er

336 4117 427 4195 „den
466 4118 651 4204 sophistisch
692 4117 875 4202 gebildeten
908 4117 1111 4204 Phidippides
1146 4119 1235 4185 einen
1269 4120 1468 4185 worthervor·

337 4229 473 4306 „hebler
513 4242 621 4313 uennt,
665 4233 698 4297 in
741 4230 917 4296 deutlicher
962 4231 1152 4318 anspielung
1191 4233 1247 4296 aui
1287 4232 1466 4319 Euripides,

331 4341 418 4419 „der
432 4393 528 4409 .....
559 4345 673 4410 Medea
701 4368 796 4431 sagen
818 4344 908 4411 litsst:
935 4368 996 4409 was
1021 4344 1158 4432 bewegst
1184 4348 1248 4413 und
1272 4332 1399 4414 hubelst
1421 4349 1466 4415 du

332 4457 417 4544 „aul
445 4458 529 4522 disse
558 4460 676 4525 thur?
708 4459 830 4526 Verum
859 4460 1085 4540 ἅναμοχλεύειν
1116 4462 1215 4536 πύλαις
1237 4463 1365 4528 omnino
1385 4462 1467 4529 nihil
