3592 5484
690 717 731 760 nr
754 713 931 759 raoaoreus
954 712 1124 757 uuummrs.
1218 780 1222 784 Ι
1383 695 1446 759 20⁷

347 893 380 949 et
413 884 603 948 Hermionae
639 883 720 945 vitae
752 881 930 960 insidiatur,
963 903 1027 944 nou
1056 885 1147 944 antea
1179 881 1232 944 sed
1262 886 1333 944 tum
1365 902 1471 944 revera

347 985 514 1049 insaniens.

392 1083 512 1149 Verum
535 1084 657 1168 gravior
680 1084 780 1147 oritur
803 1080 960 1146 dubitatio
983 1082 1107 1165 singula
1130 1081 1343 1167 perpendenti.
1367 1079 1473 1164 Negat

348 1185 513 1250 Menelaus
525 1208 557 1248 se
569 1185 602 1248 in
615 1185 718 1248 animo
731 1183 844 1248 habere
856 1182 1011 1247 Helenam
1024 1184 1128 1246 statim
1142 1182 1324 1260 interficere,
1334 1205 1377 1247 vs.
1389 1184 1452 1248 876
1466 1208 1473 1245 :

525 1285 589 1363 ἐμοὶ
613 1285 640 1349 δ’
668 1281 748 1360 ἔδοξε
769 1286 819 1349 τὸν
842 1285 897 1361 μὲν
922 1284 950 1347 ἕν
974 1285 1064 1367 Τροίᾳ
1087 1282 1171 1364 μόρον

527 1385 649 1458 Ἑλένης
672 1387 768 1458 ficar,
794 1384 924 1465 ναυπόρῳ
944 1384 971 1448 δ’
1000 1385 1086 1462 ἄγειν
1107 1384 1208 1465 πλάνην

528 1487 681 1560 Ἑλληνίδ’
705 1488 736 1558 ἐς
759 1492 827 1564 γῆν,
850 1481 919 1568 κᾷτ’
942 1477 1003 1550 ἐκεῖ
1019 1487 1117 1551 δοῦναι
1139 1495 1261 1551 κτανεῖν.

396 1587 449 1652 Vs.
475 1590 538 1652 905
562 1594 669 1652 contra
695 1584 880 1673 profitetur:

526 1690 577 1753 οὐκ
600 1689 629 1762 ἐς
652 1689 756 1765 λόγους
776 1689 892 1762 ἐλήλυθ’
916 1685 1001 1752 ἀλλά
1024 1713 1058 1752 σε
1080 1692 1193 1753 κτενῶν.

351 1793 371 1855 i.
403 1814 429 1854 e.
454 1791 558 1854 atatim
582 1797 611 1853 te
634 1797 804 1870 necaturus,
830 1796 868 1852 ut
891 1811 908 1853 e
932 1788 1032 1853 verbis
1056 1788 1212 1868 Hecubae,
1238 1812 1280 1854 νε.
1307 1790 1371 1853 906
1394 1811 1473 1873 sqq,

350 1899 383 1955 et
413 1891 512 1977 ipsius
535 1889 681 1968 Menelai,
705 1913 749 1954 νε.
776 1891 872 1967 1039,
897 1889 1003 1953 lucide
1026 1897 1163 1975 apparet.
1188 1892 1232 1954 At
1254 1891 1339 1954 dicat
1361 1890 1475 1974 aliquis

350 1993 427 2056 haec
449 1991 538 2055 facile
561 1991 710 2075 explicari
733 2013 822 2076 posse
842 1990 868 2054 si
888 1990 1056 2054 statuimus
1069 1990 1256 2072 Menelaum,
1270 1998 1307 2055 ut
1321 1992 1474 2057 Helenam

350 2100 491 2170 terreret,
518 2092 680 2155 saevitiam
703 2092 875 2157 simulasse.
900 2092 962 2157 Oui
986 2091 1154 2177 respondeo
1178 2115 1226 2156 me
1250 2092 1327 2157 milri
1351 2115 1475 2178 persua·

352 2194 426 2258 dere
460 2215 522 2256 non
557 2215 645 2277 posse
680 2200 745 2256 tam
776 2191 928 2257 stolidum
959 2192 1054 2256 fuisse
1084 2192 1267 2277 Euripidem
1293 2201 1340 2271 ut,
1364 2194 1390 2258 si
1412 2193 1475 2258 tale

353 2292 431 2378 quid
464 2293 523 2357 sibi
556 2293 779 2379 proposuisset,
815 2293 877 2356 iam
909 2292 947 2356 ab
979 2292 1079 2372 initio,
1111 2315 1153 2356 νε.
1190 2295 1263 2372 676,
1287 2299 1476 2379 spectatores

352 2395 497 2460 certiores
527 2393 650 2458 fecisset
682 2393 862 2458 Menelaum
893 2415 956 2457 non
980 2394 1059 2457 serio
1082 2392 1263 2457 locuturum
1288 2417 1353 2458 esse
1376 2401 1409 2457 et
1432 2400 1477 2458 to·

354 2504 423 2561 tum
458 2495 599 2561 Helenae
627 2501 659 2559 et
689 2494 826 2559 Menelai
858 2494 1049 2578 colloquium
1075 2493 1156 2558 nihil
1186 2517 1250 2558 esse
1274 2493 1332 2558 nisi
1356 2494 1473 2559 lusum.

354 2599 423 2662 Hac
445 2595 557 2680 agendi
580 2595 701 2660 ratione
723 2596 824 2659 totius
844 2617 953 2659 scenae
973 2617 1101 2660 nervum
1122 2596 1210 2679 quasi
1226 2595 1373 2659 intercidi
1385 2618 1477 2659 nemo

354 2721 417 2763 non
453 2697 546 2762 videt.
583 2696 748 2762 Praeterea
778 2695 872 2760 nihili
900 2719 964 2760 esse
995 2718 1066 2760 cum
1097 2696 1297 2782 philosophae
1329 2695 1478 2761 Hecubae

355 2797 601 2884 disputationem
636 2805 707 2860 tum
738 2797 889 2888 formosae
919 2795 1060 2861 Helenae
1091 2818 1206 2882 preces,
1237 2798 1264 2861 si
1286 2796 1366 2860 nihil
1390 2796 1478 2862 aliud

355 2906 587 2983 cousequantur
609 2919 703 2982 quam
723 2896 808 2982 quod
827 2899 888 2962 iam
908 2896 1029 2962 dudum
1042 2904 1109 2963 toto
1121 2906 1232 2963 uotum
1244 2905 1324 2964 esset
1337 2899 1478 2963 theatro:

519 3000 657 3065 ‘fatebere
680 2999 707 3063 δ’
731 2995 844 3080 ’Ἄργος
868 2997 962 3080 ὥσπερ
985 2996 1055 3074 ἄξιε
1078 3004 1175 3072 κακῶς

531 3100 609 3169 xxxi
634 3102 774 3164 θενεῖτνιν.
798 3122 843 3163 νε.
870 3102 965 3164 1055.

399 3201 447 3266 De
480 3202 540 3265 isto
576 3200 720 3265 Menelao
751 3224 792 3265 ne
824 3201 976 3266 exclamet
1006 3199 1151 3266 Hecuba:
1183 3202 1233 3266 οὐκ
1263 3200 1324 3266 ἔστ’
1353 3202 1479 3283 ἐραστὴς

355 3303 434 3376 ὅστις
466 3305 517 3367 οὐκ
547 3301 594 3367 ἀεὶ
626 3308 719 3382 Φιλεῒ.
752 3302 803 3366 An
834 3301 921 3366 illam
954 3324 1023 3387 spes
1046 3301 1218 3366 fefellerat?
1241 3302 1328 3384 Quid
1350 3303 1479 3368 taudem

355 3402 550 3492 speraverat?
574 3402 755 3468 Menelaum
781 3424 909 3469 imorem
941 3404 1046 3467 statim
1070 3403 1306 3468 interfecturum
1328 3402 1416 3468 esse?
1435 3405 1480 3469 A't

355 3505 518 3571 audiverat
551 3526 624 3569 eum
656 3504 714 3568 hoo
746 3526 778 3567 se
809 3504 973 3568 intendere
1002 3512 1178 3589 negantem,
1210 3527 1253 3568 νε.
1278 3507 1351 3569 876.
1376 3505 1479 3590 Rogat

356 3630 428 3671 eum
464 3613 501 3670 ut
530 3604 620 3669 uxori
650 3603 775 3669 dicendi
807 3606 927 3690 copiam
951 3605 1045 3669 faciat
1069 3612 1236 3689 antequam
1260 3606 1408 3686 trucidet,
1434 3629 1478 3670 νε.

358 3711 432 3771 906.
468 3709 512 3770 At
546 3705 664 3770 sciebat
695 3727 768 3770 eum
798 3704 971 3770 dilaturum
1003 3729 1067 3770 esse
1099 3706 1287 3792 supplicium
1317 3707 1415 3772 donec
1447 3707 1480 3771 in

357 3806 517 3871 Graeciam
541 3807 717 3870 rediissent.
742 3804 887 3889 Denique
911 3807 937 3869 si
961 3805 1126 3890 relegimus
1148 3830 1191 3872 νε.
1218 3810 1279 3870 890
1304 3829 1370 3892 sqq.
1395 3808 1479 3872 unde

355 3912 484 3993 apparet
518 3905 681 3972 Hecubam
719 3906 857 3971 Menelai
889 3905 982 3971 verba
1014 3906 1177 3981 audivisse,
1209 3908 1308 3971 oritur
1339 3910 1481 3992 quaestio

355 4030 492 4093 quonam
528 4007 620 4072 modo
655 4009 721 4072 fieri
753 4008 894 4093 potuerit
925 4012 962 4070 ut
993 4030 1034 4070 νε.
1068 4011 1130 4071 890
1155 4006 1186 4070 id
1209 4008 1310 4094 ipsum
1333 4008 1477 4074 laudaret

360 4108 447 4195 (νὶνῶ
467 4131 509 4186 σε,
530 4109 627 4194 Μεν.)
642 4108 726 4190 quod
739 4130 783 4171 νε.
800 4110 886 4170 1044
897 4129 964 4190 sqq.
977 4107 1174 4192 improbavit.
1189 4106 1301 4191 Neque
1314 4110 1417 4173 minus
1430 4118 1478 4175 est

254 4279 257 4286 ,
359 4208 536 4272 mirandum
560 4206 741 4272 Menelaum
764 4230 823 4271 νεε.
850 4210 934 4272 1036
959 4230 1038 4292 sqq,
1062 4207 1176 4292 quibus
1196 4208 1288 4273 choro
1306 4210 1481 4295 respondet,

358 4309 451 4396 plane
475 4307 611 4372 oblitum
635 4331 700 4372 esse
725 4308 810 4393 quod
835 4332 878 4373 νε.
904 4309 968 4373 876
991 4331 1057 4393 sqq.
1082 4311 1115 4373 in
1138 4310 1241 4374 auimo
1263 4309 1432 4376 habuisset.

403 4409 454 4475 Ne
484 4409 602 4474 multa:
635 4407 753 4474 Versus
784 4412 982 4475 890-1059
1012 4432 1083 4475 curn
1112 4410 1369 4496 praecedentibus
1391 4413 1481 4479 nullo

358 4518 451 4598 pacto
474 4510 634 4576 conciliari
656 4516 802 4596 possunt.
