3592 5484
813 637 955 696 squiras.

312 807 382 884 ¹lls.
408 812 489 882 611.
590 814 760 898 ύφίλται)
783 813 966 898 ἀνδρῶνκαὶ
989 815 1189 891 νεανικώτατε,

594 929 661 1005 όσην
683 932 768 996 οίπὼν
790 930 942 1012 παρέσχες
965 929 1037 1007 ιίροῑν
1060 926 1210 1010 Φροντίδα·

593 1041 645 1108 καί
668 1049 718 1109 νῦν
741 1044 840 1116 ἐπειδὴ
862 1046 920 1115 σῶς
942 1041 1087 1115 ε’λιίλυόας
1110 1041 1209 1113 πόλιν,

593 1154 734 1235 ἄγγειλον
758 1157 831 1235 ἡμῖν
856 1160 918 1228 πῶς
941 1157 974 1220 τό
995 1154 1114 1236 πρᾶγμ’
1137 1155 1275 1232 ιίγοινίσιο.

375 1268 471 1335 Recte
500 1268 604 1352 Kock:
633 1267 721 1349 „Die
752 1266 849 1333 Verse
880 1267 984 1333 haben
1014 1290 1092 1353 gana
1115 1267 1292 1353 tragischen
1315 1266 1447 1333 Charak-

330 1383 409 1446 ter.'’
433 1379 480 1446 cf.
504 1380 597 1446 Herc
617 1383 677 1446 lur.
701 1383 775 1445 531.
794 1381 834 1446 In
846 1380 1044 1467 parodiarum
1057 1402 1221 1445 numerum
1232 1382 1344 1446 retulit
1355 1381 1447 1447 Ribb.

333 1494 410 1559 Aah.
434 1496 517 1559 Anh.
540 1517 570 1581 p.
596 1498 670 1559 aad.
694 1493 774 1559 Inde
797 1517 815 1557 a
838 1517 883 1558 vs.
910 1497 974 1558 624
997 1494 1208 1578 Agoracritus,
1228 1494 1305 1559 alias
1322 1495 1449 1581 linguae

331 1607 486 1692 elegantia
512 1608 641 1673 minime
664 1607 861 1693 conspicuus,
880 1609 974 1689 ῥύσεις
996 1606 1163 1685 οίγγελικόις
1185 1608 1360 1692 tragoediae
1382 1607 1450 1672 imi·

326 1727 426 1802 tatur,
451 1721 513 1786 rid.
537 1721 680 1807 inprimis
703 1744 747 1784 rs.
776 1723 838 1784 666
863 1742 929 1806 sqq.

333 1941 387 2007 Vs.
414 1928 494 2005 626.
567 2030 569 2035 Ι
647 1943 831 2025 ἐλασίβροντ’
855 1920 1034 2025 ἀναρρηγνὺς
1053 1941 1119 2017 ἔπη.

377 2054 501 2121 Cleonis
531 2056 708 2121 iactantiam
742 2064 775 2120 et
797 2056 1097 2141 magniloquentiam
1119 2056 1223 2120 ridens
1247 2058 1449 2142 Agoracritus

332 2166 501 2254 grandibus
524 2169 627 2232 utitur
650 2166 761 2233 verbis.
785 2167 878 2234 Pind.
901 2169 939 2233 fr.
968 2171 1027 2232 121
1050 2168 1166 2254 Bergk:
1187 2169 1372 2250 ε’λασίβρονπε
1392 2178 1454 2235 παῖ

332 2281 425 2354 Ῥέας,
449 2281 485 2346 fr.
512 2283 592 2346 161:
614 2279 772 2363 ἀναρρῆξαι
794 2284 843 2347 τόν
866 2283 983 2362 οίχρεῖον
1004 2281 1098 2360 λόγον.
1177 2337 1180 2343 .

332 2502 387 2568 Vs.
413 2496 497 2568 813.
604 2500 625 2569 ύ
648 2506 732 2579 πόλις
756 2502 886 2586 Ἀργους
908 2505 1003 2570 κλύεθ’
1028 2499 1072 2569 οία
1095 2504 1183 2583 λέγει.

377 2617 478 2682 Schol.
510 2620 554 2683 Τό
583 2618 614 2683 δὲ
644 2613 666 2682 d
697 2618 782 2692 πόλις
811 2615 864 2684 Ἀ.
894 2619 956 2684 απὸ
979 2617 1122 2698 Τηλέφου
1145 2619 1222 2700 Εύρ.,
1246 2620 1279 2685 τό
1301 2618 1333 2684 δὲ
1354 2619 1449 2685 κλύεθ’

330 2725 375 2796 οία
398 2730 478 2809 λέγει
501 2733 560 2796 οίπό
586 2732 730 2805 Μηδείας.
838 2812 840 2817 Ι
1222 2743 1224 2747 ’

377 2844 450 2909 Non
480 2845 648 2910 verisimile
672 2853 720 2910 est
741 2853 864 2932 poetam
888 2845 947 2910 hoc
970 2845 1062 2910 modo
1085 2843 1177 2909 verba
1199 2845 1366 2923 consuisse,
1391 2844 1451 2910 etsi

332 2979 443 3024 revera
476 2957 570 3023 verba
603 2959 732 3024 laudata
762 2959 796 3024 in
826 2958 950 3037 Medea,
978 2982 1022 3024 vs.
1056 2961 1129 3038 169,
1158 2959 1317 3043 leguntur.
1340 2957 1449 3023 Minna

332 3071 426 3137 etiam
459 3071 633 3137 audiendus
663 3072 719 3157 qni
751 3071 790 3135 ad
819 3071 905 3138 Plut.
940 3075 1013 3154 602,
1045 3071 1100 3136 ubi
1122 3079 1208 3136 totus
1230 3073 1312 3137 redit
1333 3094 1449 3154 versus,

332 3183 511 3271 adscripsit:
546 3185 744 3263 μετείληπται
783 3185 814 3251 δὲ
852 3186 866 3250 ό
902 3185 1007 3265 στίχος
1037 3186 1070 3250 ἐκ
1100 3189 1252 3250 Φοινισσῶν
1280 3185 1445 3265 Εὐριπίδου,

332 3299 531 3371 Πολυνείκους
554 3298 700 3377 λέγοντος.
738 3299 829 3364 Nihil
858 3299 942 3365 enim
972 3322 1035 3385 quo
1064 3299 1175 3385 respici
1205 3300 1302 3384 possit
1332 3299 1365 3363 in
1393 3299 1464 3378 hoc,

332 3412 471 3477 dramate
501 3412 618 3498 legitur
646 3412 709 3478 nisi
739 3436 784 3478 vs.
818 3415 892 3493 611,
916 3408 938 3476 d
961 3413 1063 3493 πότερ,
1087 3411 1183 3484 κλύεις
1205 3409 1226 3476 ἃ
1249 3412 1371 3492 πρόσχοι,
1396 3410 1451 3476 nbi

333 3520 354 3590 d
385 3527 469 3599 πόλις
497 3548 514 3589 e
547 3529 609 3590 613
639 3526 752 3611 legisse
783 3527 980 3592 scholiastam
1003 3526 1133 3590 coniecit
1156 3523 1277 3588 Dobree
1301 3523 1340 3587 ad
1362 3523 1448 3589 Plut.

335 3642 409 3703 661.
442 3637 612 3704 Scholiasta
640 3640 707 3705 cod.
739 3639 831 3719 Ven„
855 3641 909 3724 qni
934 3639 973 3704 ad
996 3639 1100 3703 locum
1124 3635 1274 3721 Eqmtnm
1297 3636 1378 3701 nihil
1400 3637 1452 3702 ad·

332 3753 464 3838 scripsit,
487 3753 527 3818 ad
549 3751 636 3818 Plut.
663 3755 724 3817 661
750 3749 771 3817 ύ
791 3754 875 3826 πόλις
894 3749 1024 3834 Ἀργους
1043 3749 1136 3816 habet
1154 3772 1224 3814 cnm
1242 3749 1450 3815 Ravaroedra

257 3928 263 3934 .
332 3865 365 3931 ίκ
400 3866 543 3948 Τηλέφου
576 3867 729 3948 Εύριπῶου
758 3867 971 3948 τραγικεύεται,
1001 3887 1103 3948 neque
1131 3863 1264 3927 dubium
1294 3871 1342 3928 est
1372 3863 1451 3947 quin

331 3984 436 4043 totum
465 3987 584 4066 spectet
614 4003 748 4059 versum,
779 3980 864 4064 qnod
886 3981 948 4044 iam
970 3978 1118 4044 Elmsleio
1136 3975 1313 4041 ridebatur.
1338 3974 1384 4042 cf.
1407 3977 1445 4042 fr.

332 4090 410 4157 Eur.
435 4094 510 4158 723.
533 4091 636 4158 Verba
657 4094 796 4179 proiecta
818 4117 884 4158 esse
907 4093 1054 4157 videntur
1077 4090 1239 4174 abaliquo
1259 4090 1447 4156 Graecorum

209 4272 213 4281 ,
332 4227 405 4290 rege
428 4203 593 4290 (Menelao.
617 4205 706 4271 Koclr
726 4230 756 4271 a.
781 4206 813 4270 h.
838 4206 874 4291 l.)
897 4205 991 4270 verba
1009 4203 1139 4290 Telephi
1155 4204 1341 4288 indignanti.
1354 4202 1446 4282 Quod

333 4319 476 4404 seqnitur
504 4319 709 4421 όντιφεριζειν
725 4320 759 4384 in
790 4319 926 4385 Homero
956 4318 1006 4405 (Il.
1038 4316 1117 4382 XXI
1146 4319 1222 4402 657)
1253 4323 1286 4381 et
1313 4315 1448 4381 Pindaro

334 4430 440 4518 (Pyth.
463 4431 513 4498 IX
536 4435 590 4518 56)
610 4433 737 4517 legitur.
