3592 5484
358 553 422 614 116
476 564 480 570 ’
718 569 1082 615 runsuonnoumzusrr.

338 737 417 801 telos
441 737 547 818 tradit,
571 760 607 802 eo
630 741 815 825 processerit
836 739 1066 804 nonnullorum
1089 739 1135 802 ira
1160 744 1196 801 ut
1218 746 1341 823 poetam
1365 738 1398 802 in
1418 740 1469 804 ius

341 858 485 915 vocarent
506 859 538 915 et
558 852 701 930 οίοεβείοις
724 860 916 918 accusarent.
1208 832 1213 841 Ι

383 963 477 1044 Quod
499 973 605 1031 autem
629 966 855 1053 Aristophanes
882 973 915 1030 et
937 965 1013 1031 alibi
1037 973 1069 1030 et
1089 966 1140 1030 hio
1158 964 1325 1052 Hippolyti
1345 987 1469 1032 versum

339 1078 371 1142 in
402 1082 582 1148 memoriam
612 1088 746 1161 revocat,
775 1103 839 1165 quo
871 1081 933 1144 iras
955 1080 1045 1164 vulgi
1069 1081 1101 1144 in
1124 1078 1306 1165 Euripidem
1329 1081 1470 1146 renovari

339 1216 427 1279 posse
457 1217 519 1259 non
551 1193 725 1281 ignorabat,
749 1196 780 1259 ei
804 1196 934 1260 minime
958 1193 1063 1259 decori
1086 1200 1134 1258 est
1157 1190 1333 1259 habendum
1356 1202 1389 1259 et
1411 1195 1464 1260 do

338 1315 483 1371 cumento
507 1317 554 1373 est
577 1308 658 1373 nihil
682 1331 755 1374 eum
780 1309 931 1373 illicitum
955 1306 1100 1372 habuisse
1123 1307 1250 1371 inimioo
1269 1329 1332 1391 quo
1351 1306 1470 1373 obtreo·

339 1429 406 1485 tare
428 1429 542 1507 posset.
568 1421 641 1487 Non
665 1424 749 1486 enim
773 1423 903 1507 ignarus
925 1429 993 1486 erat
1016 1423 1153 1487 comicus
1175 1420 1295 1505 aliquid
1318 1423 1469 1487 interesse

339 1536 421 1600 inter
455 1536 607 1621 placitum
639 1536 891 1623 philosophicum
922 1543 954 1600 et
984 1536 1102 1614 drama,
1134 1556 1235 1619 neque
1258 1557 1328 1600 eum
1352 1536 1469 1621 fugisse

340 1651 444 1734 potuit
477 1651 580 1736 ipsum
614 1651 825 1737 Hippolytum
856 1675 907 1714 ns·
933 1653 997 1714 612
1028 1673 1091 1714 non
1121 1647 1206 1734 quod
1229 1671 1333 1714 revera
1355 1651 1470 1714 sentiat

340 1763 476 1847 profiteri
507 1764 560 1828 sed
590 1759 635 1828 ita
663 1764 752 1848 loqui
776 1772 813 1828 ut
837 1765 990 1829 nutricem
1017 1761 1258 1850 perterrefaciat.
1283 1763 1355 1826 Alia
1378 1771 1469 1827 erant

337 1875 368 1938 in
401 1875 539 1941 dramate
569 1877 742 1963 Hippolyto
773 1876 1041 1963 reprehendenda,
1071 1877 1109 1940 oi.
1136 1875 1227 1940 Ribb.
1252 1877 1273 1941 l.
1298 1877 1331 1956 l.‚
1354 1877 1408 1941 sed
1431 1899 1467 1941 ea

341 2011 404 2053 non
426 1991 544 2076 tetigit.

341 2225 393 2290 Es.
418 2219 489 2289 403
513 2249 579 2311 sqq.
604 2228 673 2308 οίνίιρ
696 2231 788 2310 ἐρωτᾷ
811 2231 880 2309 ,,τῴ
904 2228 1053 2306 κοιτέιιγει
1076 2230 1093 2301 ἡ
1117 2227 1234 2308 zelum

606 2344 656 2407 οὐκ
678 2341 736 2406 ἔσθ’
761 2341 838 2415 ὅπως
862 2345 894 2407 οὐ
918 2344 958 2423 τῷ
983 2342 1111 2422 Κορινθίῳ
1133 2338 1235 2422 ξίνῳ.”

384 2453 486 2517 Schol.
510 2456 543 2518 ἐκ
566 2455 740 2533 Σθενεβοίας
763 2457 932 2537 Εὐριπίδου.
959 2455 1008 2519 Ex
1032 2455 1206 2536 Athenaeo,
1231 2455 1267 2519 [r.
1292 2455 1368 2519 Eur.
1389 2457 1464 2535 667,

338 2574 466 2653 apparet
488 2566 672 2654 Euripidem
695 2569 872 2655 scripsisse:
1107 2564 1109 2567 ⁵

604 2683 693 2746 ιιεοὸν
715 2681 748 2747 δέ
771 2707 811 2745 νιν
834 2682 954 2755 >dantes
977 2679 1057 2747 οὐδὲν
1080 2683 1113 2746 ἐκ
1134 2680 1229 2761 χερὸς,

605 2795 676 2860 ἀλλ’
705 2797 788 2869 εὐθὺς
810 2798 890 2879 αὐδᾷ
913 2797 984 2876 »τῷ
1008 2796 1135 2877 Κορινθίῳ
1157 2792 1256 2876 ξίνῳ”.

381 2909 409 2970 Α
443 2930 515 2972 nero
535 2931 598 2973 non
624 2908 730 2974 abesse
753 2911 881 2975 videtur
903 2908 1063 2986 welche,
1087 2908 1123 2973 Il
1147 2932 1179 2995 p.
1206 2910 1278 2986 780,
1302 2909 1459 2974 eonioiens

338 3020 413 3084 baec
434 3021 527 3086 verba
549 3023 644 3088 luisse
668 3024 813 3104 nutricis,
838 3046 930 3108 quae,
950 3032 1117 3110 postquam
1136 3021 1345 3108 Bellerophon
1357 3021 1465 3108 Tiryn-

337 3132 424 3197 tbem
454 3138 640 3215 revertisset,
670 3137 758 3201 illius
786 3138 866 3202 iram
897 3137 1005 3201 sedare
1029 3143 1170 3217 conatur,
1195 3158 1323 3200 narrans
1344 3143 1463 3220 quanto

337 3269 440 3311 amore
463 3271 532 3313 eum
554 3249 714 3314 recordata
733 3259 814 3315 esset
836 3250 1042 3339 Stheneboea,
1056 3271 1211 3314 cumeum
1225 3255 1385 3314 mortuum
1398 3272 1464 3313 esse

334 3358 480 3424 crederet.
504 3362 649 3427 Eundem
672 3364 836 3450 Euripidis
859 3385 967 3428 versus
990 3362 1121 3427 detorsit
1144 3359 1289 3426 Cratinus
1314 3361 1391 3426 Aah.
1412 3360 1462 3426 XI

335 3494 361 3536 c.
398 3476 450 3554 22,
484 3498 515 3560 p.
549 3477 622 3554 782,
653 3476 750 3542 Mein.
783 3477 818 3541 Π
850 3500 881 3563 p.
916 3479 998 3540 179:
1023 3474 1080 3549 ίιιοι
1102 3476 1245 3553 λιίτιιγιις
1270 3476 1312 3555 τῷ
1335 3475 1463 3556 Κορινθίῳ

334 3585 405 3668 ιιὲει,
429 3589 519 3653 euius
541 3590 633 3654 verba
656 3593 792 3678 respexit
816 3590 993 3677 Hesychius
1013 3592 1046 3655 in
1067 3601 1130 3672 Κορ.
1151 3587 1208 3665 ξίν.
1232 3589 1396 3655 Probabile
1415 3597 1463 3654 est

331 3701 426 3765 etiam
451 3713 617 3786 sequentes
641 3728 758 3785 versus,

599 3818 705 3896 uiuae
728 3820 793 3900 κίριρ
817 3843 873 3891 τις.
896 3819 980 3890 εὐθὺς
1003 3818 1136 3898 ἁδελφὸς
1159 3816 1238 3895 λέγει

596 3932 629 3995 τὸ
651 3936 764 4012 χρῶμα
787 3932 875 3996 τοῦτο’
897 3932 931 4008 μ’
956 3934 1006 3996 οὐκ
1029 3930 1143 4011 ἰρίσκει
1166 3938 1222 4006 τῆς
1245 3930 1336 4010 xiste

330 4036 370 4101 ad
399 4038 527 4124 aliquod
556 4042 717 4129 Euripidis
745 4045 853 4109 drama
885 4044 1064 4109 referendos
1087 4066 1163 4108 esse.
1187 4042 1234 4107 De
1257 4042 1355 4107 Aeolo
1379 4041 1461 4127 eogi-

331 4151 409 4215 tarit
432 4150 580 4220 Fritoehe.

234 4374 244 4400 ‘
331 4375 386 4439 Vs.
409 4370 492 4443 413.
599 4379 736 4445 δέσποινα
758 4380 817 4461 γὰρ
840 4379 950 4461 γέροντι
974 4379 1093 4460 νυμφίῳ
1116 4380 1200 4457 ssmi-
