3592 5484
338 673 360 730 4
763 685 997 731 remaneam.

273 864 276 868 ’
314 851 394 931 ἔχων
417 852 488 929 ὑμῖν
511 852 607 929 λέγειν
629 852 773 917 coniecit.
797 852 898 918 Nulla
920 875 993 917 vero
1018 852 1168 916 correctio
1189 849 1227 914 ab
1249 851 1334 931 omui
1356 859 1445 936 parte

314 965 475 1030 satisfacit.
505 964 580 1030 Non
611 966 695 1031 enim
726 967 920 1052 intelligitur
951 988 1048 1050 quare
1078 966 1262 1051 pronomine
1291 963 1351 1038 ὅδε,
1381 986 1445 1049 quo

314 1079 438 1165 saepius
470 1088 574 1164 partes
597 1083 733 1167 corporis
757 1082 864 1145 minus
888 1079 1035 1145 honestus
1057 1077 1185 1158 indicat,
1209 1078 1259 1143 hic
1282 1079 1445 1165 decapite

314 1193 445 1278 loquens
474 1216 551 1259 usus
579 1196 622 1261 sit
652 1203 754 1281 poeta,
787 1216 901 1279 neque,
925 1195 952 1258 si
977 1196 1026 1259 τὸν
1049 1192 1177 1275 λάρυγγ’
1200 1194 1342 1279 legimus,
1364 1216 1445 1280 quae

314 1307 462 1393 Elmsleyi
496 1309 677 1373 coniectura
712 1310 896 1393 ceteroquin
932 1310 1050 1394 optima
1080 1308 1214 1388 videtur,
1245 1310 1443 1394 perspicuum

314 1427 363 1485 est
392 1443 454 1506 qua
484 1422 604 1487 ratione
634 1422 688 1495 riv
710 1423 850 1503 κεφαλὴν
872 1423 905 1486 iu
931 1431 1115 1487 contextum
1139 1423 1273 1508 irrepere
1294 1424 1444 1507 potuerit
1531 1446 1534 1451 ·

313 1533 516 1613 Muellerum,
539 1537 595 1622 qui
618 1558 656 1600 er
680 1534 851 1621 Hansingii
873 1538 1057 1622 conjectura
1076 1536 1130 1609 τήν
1148 1560 1186 1613 γε
1205 1536 1343 1616 κεφαλὴν
1361 1539 1445 1617 σχὼν

313 1648 411 1727 λέγειν
441 1649 550 1729 edidit,
574 1659 719 1736 rogatum
742 1651 813 1716 volo
835 1651 914 1735 quid
937 1650 996 1715 hoc
1019 1650 1087 1715 loco
1110 1649 1170 1713 sibi
1192 1648 1268 1713 velit
1290 1650 1445 1736 particula

313 1763 358 1841 γε’.
396 1761 481 1843 Quid
516 1766 674 1851 scripserit
705 1765 933 1851 Aristophanes
963 1787 1027 1829 uon
1059 1763 1172 1848 liquet,
1203 1765 1280 1849 quid
1310 1765 1444 1831 voluerit

314 1876 443 1941 minime
474 1876 640 1943 obscurum
671 1887 728 1942 est.
754 1876 795 1942 In
818 1879 981 1965 Euripidis
1002 1879 1162 1962 tragoedia
1185 1877 1338 1963 gloriatur
1359 1877 1444 1943 Tele

310 1988 395 2076 phua
426 2013 458 2054 se
490 2013 553 2055 non
577 1990 779 2056 reformidare
803 1991 907 2057 dicere
930 1992 1015 2077 quod
1039 1991 1164 2072 sentiat,
1188 2014 1220 2054 ae
1243 2014 1306 2056 non
1330 1993 1443 2056 tacitu-

310 2124 382 2167 rum
413 2126 477 2167 ease
507 2125 547 2168 ne
577 2105 604 2168 ai
635 2111 767 2169 mortem
799 2105 927 2190 quidem
959 2103 1018 2168 sibi
1050 2105 1211 2168 intentent
1240 2105 1369 2169 inimici.
1401 2103 1441 2169 Iu

182 2217 188 2223 ’
310 2216 469 2281 comoedia
493 2216 569 2283 hacc
589 2218 801 2283 immutantur
821 2226 859 2282 ut
878 2220 978 2283 nsum
997 2226 1142 2283 moveant
1160 2217 1359 2302 declaratque
1377 2220 1442 2304 ipae

311 2328 507 2416 Dicaeopolis
531 2355 563 2395 se
586 2333 689 2417 capite
712 2340 826 2397 trunco
846 2334 995 2419 imposito
1017 2332 1098 2395 velle
1118 2333 1303 2396 concionari.
1324 2330 1442 2396 Verum

309 2443 337 2509 si
359 2446 538 2527 quaerimus
561 2447 719 2530 quomodo
742 2447 819 2510 haee
841 2447 998 2511 sententia
1022 2469 1094 2510 cum
1120 2446 1316 2532 praecedenti
1335 2446 1443 2511 cobae-

311 2564 389 2638 reat,
413 2559 534 2642 gravior
557 2560 657 2624 oritur
680 2559 857 2625 difficultas.
879 2559 1107 2644 Unusquisque
1125 2582 1169 2624 vs.
1191 2561 1254 2623 316
1273 2560 1397 2645 legens:

472 2672 528 2737 xciv
550 2698 588 2751 γε
609 2674 653 2752 μὴ
677 2676 756 2752 λέγω
780 2674 881 2739 lima
906 2675 985 2752 μηδὲ
1007 2675 1048 2754 τῷ
1071 2672 1181 2747 πλήθει
1204 2673 1286 2746 δοκῶ,

309 2791 481 2871 exspectat:
513 2796 577 2852 tau
607 2789 685 2853 cobis
712 2790 784 2853 licet
815 2796 907 2853 morte
939 2811 983 2852 rae
1012 2789 1137 2872 afficere.
1166 2787 1226 2851 Sed
1253 2785 1342 2851 aliud
1363 2786 1441 2871 quid

308 2899 468 2982 aquam:
510 2908 574 2965 aaa
615 2902 777 2966 oraim
815 2903 922 2966 aaa
956 2899 1024 2980 aa
1058 2896 1201 2975 arcta.
1238 2899 1285 2963 ne
1318 2879 1440 2964 umbus

282 3011 408 3096 :igitur
439 3012 631 3078 orationibus
661 3037 762 3079 sermo
793 3022 850 3078 est.
884 3013 1026 3078 Alteram
1058 3013 1165 3077 atatim
1195 3011 1361 3077 habiturus
1383 3021 1440 3091 est,

308 3126 440 3192 alteram
471 3127 633 3212 aliquanto
664 3136 736 3215 post
765 3138 799 3194 et
821 3130 925 3215 capite
948 3128 1076 3213 quidem
1098 3135 1211 3192 trunco
1234 3129 1389 3214 imposito,
1414 3129 1441 3193 si
1474 3105 1479 3112 Ι

309 3263 345 3303 ea
375 3262 456 3324 quae
487 3241 520 3305 in
546 3233 684 3306 medium
710 3243 881 3329 protulerit
903 3241 1102 3308 auditoribus
1121 3241 1347 3328 displicuerint.
1368 3241 1442 3306 Bib

310 3351 386 3418 beck
417 3357 522 3432 vertit,
552 3378 582 3441 p.
609 3359 673 3421 213
696 3357 807 3442 „Sage
830 3355 882 3420 ich
907 3354 1114 3441 ungerechtee
1136 3355 1203 3418 und
1226 3355 1367 3439 gewinnc
1388 3353 1442 3419 ich

311 3464 363 3531 die
382 3465 540 3531 Mebrheit
559 3468 658 3549 nicht,
678 3492 712 3534 so
732 3469 795 3534 will
814 3469 866 3533 iob
887 3469 945 3533 aul
961 3470 1031 3533 deru
1053 3465 1236 3533 Haolrblock
1256 3465 1442 3553 sprecbeu;''

311 3579 388 3644 baec
421 3591 527 3646 autem
563 3585 809 3669 interpretatur:
850 3583 931 3663 „ich
967 3584 1031 3647 will
1066 3582 1124 3647 aui
1154 3584 1224 3647 dem
1260 3580 1442 3647 Haclrblock

311 3694 471 3779 spreehen,
495 3696 594 3760 damit
616 3697 665 3761 ihr
688 3698 771 3762 mich
795 3698 905 3762 tddten
929 3698 1039 3778 ludunt,
1062 3697 1134 3762 falls
1153 3696 1202 3762 ich
1223 3719 1255 3760 u.
1276 3721 1299 3760 s.
1320 3698 1378 3759 w.''
1391 3697 1442 3761 Sic

312 3806 529 3872 difficultatem
560 3810 656 3891 tollit,
688 3811 743 3874 sed
774 3811 927 3876 mutanda
958 3811 1114 3875 sententia
1144 3811 1242 3894 magis
1271 3832 1366 3894 quam
1396 3810 1443 3874 iu·

312 3920 521 4005 terpretanda.
555 3922 658 3987 Aliter
682 3923 830 4002 Mueller,
854 3925 947 3989 cuius
964 3920 1062 3988 ¹verba
1083 3920 1272 3987 adscribam:
1295 3921 1443 4000 „Versus

310 4081 331 4110 „
342 4034 405 4097 317
429 4042 462 4097 et
486 4037 560 4116 318,
585 4037 610 4100 si
635 4045 788 4102 commate
812 4037 1054 4123 interpungitur
1077 4042 1147 4121 poet
1170 4036 1242 4100 δοκῶ
1261 4036 1442 4122 planumac

311 4148 540 4232 „perspicuum
563 4173 689 4216 sensum
711 4175 777 4217 non
801 4151 964 4239 praebent.
986 4150 1150 4215 Sententia
1160 4150 1442 4229 met:„Sioratio

312 4281 421 4341 „mea,
442 4285 505 4346 qua
524 4263 713 4350 probaturus
733 4288 804 4330 sum
815 4265 971 4330 nonnulla
982 4265 1017 4329 in
1029 4265 1168 4329 reetiam
1178 4262 1438 4329 lacedaemonios

313 4373 490 4451 „iniuriam
525 4381 688 4463 accepisse,
720 4378 808 4445 robis
837 4377 1026 4466 displicebit,
1056 4383 1126 4442 tum
1150 4379 1252 4464 capite
1273 4378 1307 4442 in
1329 4386 1443 4443 trunco

312 4487 481 4565 „lanionio
502 4492 602 4576 posito
626 4491 720 4558 verba
741 4494 885 4559 faciam.”
911 4495 1032 4579 Aperte
1048 4491 1089 4557 de
1108 4490 1230 4578 duplici
1247 4493 1444 4557 orationesic
1495 4556 1503 4566 ,
