3592 5484
788 631 1021 680 AOEAEh'ENSE.

460 803 557 870 οὔκουν
580 801 617 868 ού
638 803 670 883 y'
695 801 732 868 ἂν
755 801 894 881 λοβοῦτοο
918 803 973 877 τοὶς
996 803 1074 882 ε’μοὶς
1096 803 1207 884 τύχοις,

458 918 568 1001 ἐχθροῦ
592 916 706 991 λέοντος
729 919 858 996 δοτμενή
882 916 1094 996 βλμττήμοτοο

458 1031 583 1107 ήλοιννες
605 1030 642 1097 ἂν
664 1039 803 1103 uxoreo.
826 1030 910 1096 ἄλλον
932 1031 1083 1113 σωφρόνως

460 1146 564 1221 elaces
587 1148 672 1213 οἰκεῖν
696 1144 825 1228 'Appon
849 1146 934 1211 οὔτιν’
957 1147 994 1211 ἂν
1016 1145 1121 1221 othere.

356 1261 432 1327 VII.
455 1264 506 1326 An
532 1259 658 1326 Graecis
680 1260 778 1346 igitur
801 1261 893 1326 licuit
915 1260 978 1326 vim
1002 1260 1032 1325 vi
1055 1261 1231 1341 defendere,

828 1377 877 1441 τὸν
899 1376 931 1440 δὲ
955 1378 1096 1457 Τήλεφον

459 1492 510 1557 οὐκ
528 1489 689 1570 altuenum
715 1496 779 1565 νοῦς
801 1489 845 1571 ἄρ’
870 1489 940 1567 ήμῑν
963 1491 1013 1555 οὐκ
1035 1490 1082 1555 ἔνο.

337 1606 430 1672 VIII.
455 1605 542 1687 Quid
567 1606 666 1692 igitur
689 1605 840 1691 estquod
865 1604 1003 1693 Telepho
1025 1606 1097 1671 iroti
1122 1628 1230 1672 snmus

759 1714 824 1784 εἶτον
847 1719 883 1792 δή
905 1717 1089 1799 θυμούμεθα

458 1832 607 1907 sottum
629 1834 709 1899 οὐδὲν
733 1833 834 1914 μεῖζον
859 1832 875 1907 ή
900 1834 1086 1914 δεδροκὸτεςο

461 1945 545 2036 (εἶτον
568 1971 625 2036 pro
648 1949 671 2014 si
694 1949 866 2028 Matthioc;
889 1951 1016 2015 fortasse
1028 1945 1092 2016 εἶτον
1106 1950 1239 2031 Τηλέφῳ
1250 1947 1456 2035 θυμούμεθα)

379 2063 467 2130 Ilaec
495 2065 520 2130 si
551 2087 623 2130 vero
652 2072 737 2143 sunt,
761 2072 888 2152 apparet
910 2087 1011 2151 neque
1033 2065 1263 2153 Dicaeopolidis
1287 2065 1461 2130 orationem

338 2187 499 2245 centonem
532 2202 596 2244 esso
629 2202 645 2244 e
676 2179 771 2246 variis
800 2180 994 2246 sermonibus
1017 2187 1204 2262 consertum,
1228 2201 1330 2265 neque
1352 2201 1460 2244 verum

336 2294 449 2359 vidisse
473 2296 658 2381 interpretes
680 2295 735 2379 qui
759 2297 795 2360 ir.
823 2297 895 2376 710,
922 2298 996 2373 711,
1023 2297 1085 2361 712
1110 2295 1231 2382 Ulyssis
1250 2293 1343 2360 verbo
1362 2294 1457 2359 fuisse

336 2411 515 2496 opinantur.
545 2408 671 2474 Mecum
696 2409 771 2474 fucit
793 2411 1022 2495 grammaticus,
1047 2412 1101 2496 qui
1125 2411 1310 2498 hypothesin
1335 2409 1460 2496 scripsit

335 2548 415 2612 qnae
435 2524 511 2590 hoec
530 2523 639 2589 hebet:
661 2525 713 2590 κοοὶ
734 2523 901 2599 esurirem
921 2533 978 2598 τοῖς
1001 2527 1143 2608 Τήλέφοο
1162 2528 1315 2607 ῥακώμοοοο
1335 2525 1462 2606 troppis?

334 2643 383 2706 τὸν
405 2641 509 2706 ἐκείνου
533 2640 627 2718 λόγον.

379 2753 505 2841 Optimo
538 2754 673 2838 denique
703 2776 775 2818 cum
808 2754 846 2820 iis
876 2776 956 2839 quae
986 2756 1114 2842 exposui
1138 2755 1297 2841 conspiret
1321 2755 1458 2820 testimo

336 2871 424 2934 nium
458 2867 560 2933 Schol.
593 2867 633 2933 ad
664 2868 794 2933 Aristid.
820 2869 880 2934 vol.
904 2868 950 2950 ΙΙ,
974 2893 1005 2957 p.
1032 2873 1082 2949 19,
1107 2892 1125 2932 e
1147 2869 1291 2935 Nanolrio
1315 2869 1456 2934 allatum.

335 2983 385 3047 Ad
415 2981 509 3046 verbo
540 2981 702 3046 Aristidis:
733 2984 782 3047 τὸν
812 2984 843 3048 δὲ
868 2983 1008 3065 Τήλεφον
1031 2985 1082 3049 οὐκ
1105 2983 1457 3058 officiosissimum

292 3087 296 3096 ’
332 3103 479 3163 annotet:
511 3095 558 3170 τὶς
586 3101 643 3169 τῶν
672 3102 795 3170 ποιητῶν
827 3097 936 3176 εἰσάγει
967 3099 1015 3164 τὸν
1046 3097 1187 3178 Τήλεφον
1216 3097 1385 3176 ἐλέγχοντα
1409 3097 1457 3161 τὸν

333 3211 484 3279 Ὀδοοσέοο
514 3212 547 3276 ἐκ
574 3216 631 3276 τῶν
661 3212 758 3277 αὐτῶν
788 3213 881 3290 λόγων
904 3209 952 3286 οὓς
974 3215 1042 3294 πρὸς
1061 3215 1110 3278 τὸν
1134 3216 1275 3293 Τήλεφον
1299 3207 1369 3277 εἴτε.
1395 3212 1457 3277 Ad·

333 3326 381 3391 dit
412 3325 455 3390 N.
488 3348 597 3411 „queo
626 3325 738 3391 dubito
769 3348 844 3391 num
874 3334 957 3392 recte
982 3351 1014 3392 se
1037 3326 1202 3392 habeant.”
1225 3325 1345 3391 Verum
1368 3325 1456 3391 nulle

332 3448 380 3506 est
414 3438 580 3505 dubitandi
615 3461 725 3519 cousa3
757 3440 853 3521 locus,
886 3463 954 3505 meo
977 3440 1102 3525 quidem
1127 3439 1254 3519 iudicio,
1279 3463 1374 3506 sonus
1396 3448 1453 3505 est.

332 3554 402 3620 lum
438 3578 454 3618 e
484 3554 522 3619 fr.
555 3556 618 3619 706
651 3553 800 3618 efficimus
830 3553 965 3638 aliquem
998 3553 1186 3620 Graecorum
1215 3553 1294 3618 rnalc
1319 3552 1455 3641 Telepho

332 3667 444 3733 dixisse
479 3667 574 3752 idque
608 3665 738 3754 Telephi
774 3668 885 3752 (ignoti
913 3667 1029 3752 adhuc)
1062 3668 1154 3733 bilem
1182 3669 1322 3732 movisse.
1356 3667 1456 3733 Docet

332 3790 436 3847 entem
470 3780 572 3845 Schol.
604 3780 735 3846 Aristid.
765 3779 917 3847 Graecum
941 3782 1032 3847 illum
1057 3783 1152 3847 luisse
1177 3782 1329 3868 Ulyssem.
1355 3781 1455 3847 Simul

332 3920 388 3963 nos
410 3898 501 3962 docet
524 3895 601 3981 quid
623 3894 678 3960 ille
702 3895 824 3961 dixerit.
845 3895 923 3983 Regi
943 3896 1103 3982 Mysorum
1125 3899 1200 3961 vitio
1223 3897 1455 3981 verteratquod

333 4034 403 4076 cum
439 4010 565 4075 Graecis
602 4032 784 4095 congressus
815 4021 891 4091 erut,
923 4021 955 4076 et
986 4010 1114 4098 proborc
1146 4021 1275 4076 conotus
1298 4019 1365 4076 crat
1387 4013 1455 4077 iure

333 4125 466 4191 Graecos
497 4123 670 4210 Telephum
694 4125 881 4203 vulnerasse,
906 4133 944 4190 ut
967 4150 999 4190 se
1023 4125 1224 4191 defenderent
1248 4124 1376 4190 scilicet.
1401 4124 1457 4191 Te·

331 4239 442 4327 lephus
466 4246 570 4304 autem
596 4237 703 4303 eodem
727 4249 921 4322 argumento,
947 4240 1053 4304 eedem
1077 4263 1140 4305 non
1165 4243 1278 4325 scripto
1302 4240 1356 4304 sed
1379 4249 1454 4305 nota

330 4356 399 4442 loge
422 4354 525 4421 utitur
549 4351 732 4440 probetque,
758 4357 782 4418 si
804 4353 929 4418 Graccis
949 4355 1074 4418 licuerit
1092 4378 1124 4419 se
1144 4354 1317 4433 defendere,
1332 4377 1453 4420 summo

332 4471 400 4534 iure
423 4466 503 4531 idem
528 4467 652 4533 licuisse
675 4470 738 4553 rogi
764 4469 853 4534 cuius
875 4468 950 4533 lines
974 4470 1176 4533 transiissent.
