3592 5484
849 620 1051 664 rudendum.

736 845 782 914 Εκ
807 844 947 915 lucardo
971 846 1164 916 comoediis.

384 1001 436 1064 Fr.
461 991 543 1060 494.
584 995 723 1076 ἐκφέρετε
744 995 857 1069 πεύκοις
880 997 949 1060 κοτ’
974 997 1134 1074 Ἀνιόόωννι
1158 997 1340 1078 φωσφόρους.

432 1111 556 1194 Agatho
579 1109 677 1192 igitur
702 1113 808 1172 πεῦκοιι
832 1109 980 1189 φωσφόροι
1004 1109 1134 1172 dixerat.
1160 1110 1204 1172 At
1228 1131 1325 1192 quare
1349 1108 1430 1172 hauc
1450 1110 1513 1173 dio·

384 1226 503 1288 tionem
534 1224 568 1287 in
598 1222 779 1286 memoriam
809 1230 933 1286 revocet
962 1225 1016 1286 Ar.
1043 1245 1104 1286 uon
1128 1222 1288 1306 intellego.
1313 1221 1512 1309 Quamquam

386 1338 468 1402 enim
498 1337 654 1418 Φωσφόρος
679 1336 792 1400 melius
816 1335 952 1400 siderum
976 1337 1026 1400 vel
1049 1335 1177 1400 deorum
1202 1336 1394 1418 dearumque
1417 1336 1515 1399 nomi-

386 1449 481 1514 nibus
504 1449 659 1532 iuugitur,
684 1453 777 1521 πεύκν
802 1449 958 1528 φωσφόρος
982 1449 1060 1512 nihil
1086 1448 1178 1512 habet
1202 1448 1285 1532 quod
1312 1448 1471 1512 miremur.

388 1568 440 1631 Fr.
465 1558 548 1629 497.
594 1564 716 1644 οιῖσχρὸν
740 1563 790 1645 νέρι
813 1562 931 1640 νωνοωκὶ
955 1562 1124 1642 πρεσβύτης
1146 1563 1224 1643 ιόνύρ.

432 1677 505 1742 vid.
539 1676 578 1740 ad
609 1675 733 1740 Thesm.
764 1677 839 1738 413.
864 1674 925 1739 Pro
948 1676 1069 1755 relaxata
1093 1675 1189 1739 Dind.
1213 1678 1310 1756 πικρόν
1334 1675 1381 1738 vel
1405 1676 1515 1755 ἕχόρόν.

391 1795 442 1858 Fr.
468 1786 549 1855 506.
594 1790 786 1868 όξνγλύκειύν
809 1792 838 1854 π’.
861 1790 918 1870 όιροι
942 1798 1065 1861 κοκκιεῑς
1088 1791 1163 1870 ρ’όοιν.

435 1906 550 1971 Pollux
573 1903 621 1968 VI
647 1907 687 1967 80
712 1911 791 1968 ποῦπι
817 1905 902 1968 δὲτὸ
927 1903 1065 1981 ἱκμβεῖον
1090 1904 1199 1984 Ἀρισσ.
1225 1905 1275 1966 οὐκ
1298 1901 1366 1967 ἴδιον
1391 1903 1419 1967 όν
1443 1901 1515 1982 εἴρη-

392 2044 440 2084 κεν
464 2020 535 2083 ἀλλ’
560 2021 597 2089 ὡς
622 2016 785 2096 Αἰσχύλον.
811 2016 850 2079 ll.

392 2135 443 2201 Fr.
470 2128 551 2196 525.
595 2134 689 2199 larua
711 2134 946 2212 πωνπόφόιιλμον
969 2131 1093 2213 όόρποιγοι
1115 2132 1236 2213 τρέφων,

435 2247 601 2332 Loquendi
625 2271 725 2332 genus
749 2254 781 2311 et
803 2248 926 2310 numeri
950 2247 1075 2329 tragica.

399 2365 449 2429 Fr.
476 2355 558 2425 533.
601 2360 679 2425 όικων
702 2365 791 2424 κτενῶ
815 2384 857 2427 σε.
881 2359 989 2435 τέκνον,
1014 2361 1026 2422 ι’
1051 2360 1076 2423 δ’
1100 2359 1284 2437 οὶπεκρόνιιτο,

594 2474 644 2538 ἐπὶ
668 2473 831 2552 Ποιλλοιδόερ
854 2473 929 2552 πύρ’,
956 2468 976 2535 ὦ
999 2472 1101 2544 πόπερ,
1126 2473 1225 2542 δύσεις
1249 2472 1338 2544 δίκην.

440 2586 543 2651 Verba
565 2588 642 2650 όικων
665 2622 710 2632 -
733 2585 830 2648 τέκνον
854 2608 871 2648 e
895 2584 1055 2668 tragoedia
1078 2607 1216 2648 manasse
1237 2583 1349 2647 docent
1368 2583 1521 2668 producta

393 2698 512 2784 syllaba
535 2699 568 2762 in
591 2698 688 2762 τέκνον
712 2704 744 2761 et
769 2696 896 2760 verbum
920 2702 1019 2776 κτενῶ,
1043 2695 1118 2762 Cob.
1144 2697 1185 2761 N.
1210 2696 1246 2760 L.
1271 2719 1300 2782 p.
1328 2701 1379 2760 29.

394 2817 445 2881 l‘r.
471 2807 553 2876 535.
826 2810 878 2875 axi
903 2811 976 2875 κύων
1000 2811 1167 2893 ύκρνόχολος

595 2926 727 2998 Ἑκόπκς
751 2924 883 3003 ἄγωλμκ
906 2925 1062 3005 φωσφόρου
1085 2925 1257 3002 γενύσσμοιι.

439 3040 515 3104 Eur.
548 3040 586 3103 fr.
616 3042 678 3102 959
704 3038 836 3111 Ἐκοόπκς
859 3037 993 3115 όινοιλμκ
1017 3037 1173 3117 φωσφόρον
1196 3036 1271 3101 κύων
1295 3036 1360 3100 ἔσει.
1386 3036 1434 3101 De
1459 3037 1521 3102 He-

396 3155 475 3220 cuba
498 3153 665 3240 Euripides
688 3153 764 3217 haec
786 3152 919 3238 scripsit,
940 3151 978 3216 cf.
1003 3150 1079 3215 Hec.
1103 3154 1187 3214 1265
1208 3151 1281 3215 κύων
1301 3154 1416 3229 νενόσει
1436 3151 1521 3232 πύρπ

284 3306 291 3323 =
396 3269 510 3349 ἔχονσοι
540 3267 707 3348 δέργμνισοι.
741 3265 780 3330 In
811 3287 947 3350 quonam
980 3288 1051 3329 vero
1081 3264 1222 3328 dramate
1246 3265 1404 3350 scripserit
1426 3265 1523 3329 nesci·

397 3405 475 3446 rnus.
500 3381 539 3445 In
563 3379 745 3466 deperditis,
770 3401 905 3463 quorum
927 3379 1100 3463 fragmenta
1124 3386 1303 3463 supersunt,
1327 3378 1454 3442 nullum
1479 3400 1523 3442 re·

396 3499 483 3583 perio
514 3497 547 3560 in
583 3518 645 3580 qua
678 3494 826 3559 Hecubae
857 3501 961 3579 partes
989 3495 1116 3558 fuerint.
1148 3493 1289 3558 Fortasse
1320 3493 1358 3555 ad
1388 3492 1523 3556 Troades

397 3608 559 3674 referenda
593 3616 669 3672 sunt
702 3615 759 3671 aut
792 3607 830 3670 ad
865 3606 953 3670 aliud
987 3605 1093 3669 drama
1126 3607 1210 3690 quod
1246 3629 1316 3669 cum
1350 3604 1524 3670 Troadibus

398 3723 524 3787 coaluit.
549 3722 596 3786 Cf.
621 3721 818 3807 Epimetrum
838 3719 884 3784 Il.

401 3839 452 3902 Fr.
478 3830 560 3899 551.
604 3837 676 3900 ἀλλ’
701 3831 721 3898 ὦ
747 3839 876 3915 Δελφῶν
901 3834 1045 3906 πλείστοις
1068 3835 1176 3898 ιόκονῶν

602 3948 695 4025 Φοῖβε
719 3947 877 4027 μοιχοιόρνις

599 4061 650 4126 aa}
675 4060 872 4140 προδιδάσκων
895 4060 962 4132 τοὺς
985 4059 1051 4130 σοὺς
1075 4060 1244 4139 προπόλους.

445 4174 641 4261 Delphorum
664 4174 784 4238 incolae
803 4173 842 4237 ob
861 4195 1008 4256 magnum
1027 4173 1247 4236 sacrificiorum
1268 4193 1435 4235 numerum
1449 4178 1526 4234 tam-

401 4312 494 4373 quam
527 4290 618 4372 coqui
650 4295 682 4352 et
705 4285 885 4368 xapuxoarorol
910 4285 1103 4350 ridebantur.
1128 4285 1175 4349 Cr.
1200 4284 1295 4348 Diud.
1319 4307 1345 4347 a.
1372 4283 1403 4346 lr.
1429 4283 1450 4346 l.
1479 4282 1526 4346 De

401 4403 521 4488 origine
545 4401 640 4466 huius
663 4401 724 4465 loci
747 4400 830 4464 nihil
852 4406 963 4463 uotum
987 4407 1043 4462 est.
