3592 5484
736 690 972 735 sensurum.

538 859 777 936 elvsi'ustae'vnc
799 859 909 938 μητρὸς
933 856 1051 938 εὔζωρον
1075 855 1166 934 μέθυ,

536 971 589 1044 ἕως
616 971 753 1052 εθέρμηϊ
777 973 867 1036 xristu
889 970 1064 1051 ἐμφιβὶσα
1087 966 1171 1050 &Alf
1254 1011 1257 1014 -

407 1121 412 1129 ·
536 1085 616 1150 οἴνου.

337 1199 469 1284 Phrygis
492 1200 638 1264 monodia
661 1201 693 1264 in
718 1200 830 1265 Oreste
854 1200 1016 1264 notissima
1039 1205 1088 1262 est
1111 1205 1144 1261 et
1167 1197 1280 1283 passim
1304 1198 1336 1261 in
1360 1204 1421 1261 tra·

292 1314 411 1400 goediis
430 1315 473 1377 ita
493 1313 586 1378 rerba
606 1314 727 1379 iaciunt
746 1317 825 1379 serui
847 1323 884 1378 ut
904 1313 1029 1378 nullum
1050 1313 1134 1376 inter
1147 1334 1254 1376 eorum
1268 1318 1305 1375 et.
1313 1333 1420 1395 regum

290 1449 447 1491 sermones
481 1428 614 1507 intersit,
636 1429 693 1491 'ita
728 1436 765 1491 ut
799 1427 940 1492 omnium
976 1427 1088 1491 horum
1123 1447 1302 1489 sermonum
1336 1446 1420 1489 unus

292 1539 437 1624 idemque
461 1542 502 1605 sit
525 1541 618 1605 color.
643 1541 737 1621 Quod
757 1542 824 1607 sine
842 1540 939 1605 dubio
957 1542 1069 1605 nocuit
1089 1540 1212 1603 ueritati
1234 1538 1421 1603 dramaticae

292 1660 366 1718 eta
396 1676 587 1718 summorum
618 1656 797 1741 prmterioris
828 1657 896 1719 aeri
928 1665 1093 1741 poetarum
1123 1677 1152 1716 1.
1184 1677 1211 1716 c.
1243 1651 1421 1738 Shaksperii

292 1769 441 1834 dramatis
464 1769 601 1834 alienum
627 1779 684 1834 est.
711 1770 817 1834 Altius
839 1792 965 1855 quoque
987 1769 1172 1855 petiverunt
1195 1766 1366 1852 Aeschylus
1388 1768 1420 1831 in

293 1885 527 1968 Agamemnone
546 1909 591 1949 vs.
614 1888 629 1948 1
652 1906 717 1969 sqq.
738 1893 770 1949 et
790 1885 959 1971 Sophocles
978 1885 1010 1948 in
1031 1884 1190 1968 Antigone
1209 1906 1253 1946 us.
1275 1885 1338 1945 223
1356 1904 1421 1968 sqq.

295 1995 350 2062 ubi
380 1998 532 2062 satellites
566 1996 832 2084 Clytaemnestrae
859 2006 891 2063 et
916 1997 1060 2063 Creontis
1083 1998 1149 2061 suis
1171 1992 1274 2061 verbis
1298 2004 1426 2061 namant
1531 2013 1541 2036 ⁴

293 2133 375 2196 quae
398 2111 543 2192 viderint,
568 2114 720 2196 quamvis,
744 2136 784 2177 ne
802 2114 913 2178 iniusti
935 2114 1033 2177 simus
1052 2135 1127 2196 erga
1144 2111 1338 2197 Euripidem,
1358 2133 1421 2176 non

293 2226 591 2312 praetermittendus
622 2235 670 2292 est
700 2228 831 2291 nuntius
860 2228 893 2291 in
924 2225 1090 2291 Persarum
1113 2249 1157 2289 vs.
1182 2227 1246 2289 353
1269 2246 1336 2309 sqq.
1360 2223 1424 2289 No

293 2339 443 2405 bilissima
465 2342 548 2404 enim
571 2351 604 2406 et
626 2341 836 2427 pulcherrima
859 2342 997 2405 narratio
1017 2362 1143 2427 pugnae
1163 2340 1350 2415 Salaminiae
1360 2363 1423 2405 non

252 2455 255 2461 ’
294 2452 406 2518 Persae
437 2462 484 2519 ee
509 2476 609 2538 neque
640 2457 745 2520 nuntii
776 2456 828 2520 sed
851 2456 929 2519 civis
953 2455 1157 2518 Atheniensis
1180 2455 1298 2541 patriae
1321 2477 1425 2519 aman·

293 2567 416 2646 tissimi,
440 2568 538 2654 ipsius
562 2568 719 2654 Aeschyli.
822 2604 825 2608 >

295 2789 350 2856 Vs.
375 2783 457 2853 410.
756 2796 787 2859 τί
799 2795 956 2869 Atiliana&

343 2915 456 2971 hassis
490 2930 553 2972 non
588 2915 635 2972 est
669 2909 868 2973 comicorum.
904 2909 1000 2972 Amat
1034 2907 1068 2970 id
1100 2905 1228 2971 verbum
1259 2907 1426 2993 Euripides

296 3017 394 3105 Hipp.
429 3023 480 3101 55,
513 3019 568 3085 Or.
602 3023 676 3099 163,
707 3023 785 3086 Hec.
819 3024 894 3100 673,
929 3023 1024 3101 1110,
1055 3020 1105 3085 El.
1133 3022 1218 3084 1213
1243 3029 1275 3084 et
1298 3022 1423 3106 passim.

300 3133 408 3198 Utitur
426 3157 463 3198 eo
483 3136 710 3220 Aristophanes
727 3136 759 3200 in
778 3135 906 3221 parodia
925 3144 983 3200 aut
1000 3135 1237 3222 paratragoedia
1256 3134 1329 3200 Pac.
1350 3137 1424 3217 330,

297 3249 373 3325 331,
398 3250 473 3328 383,
498 3248 640 3314 11111197
666 3257 698 3313 et
722 3251 810 3314 Plut.
836 3252 888 3314 39.

340 3360 379 3427 In
402 3363 560 3448 colloquio
582 3363 813 3450 Dicaeopolidis
835 3371 868 3428 et
891 3362 1056 3449 Euripidis
1079 3363 1131 3427 hic
1155 3364 1342 3449 plerumque
1366 3387 1427 3428 ser·

296 3497 388 3539 mone
412 3497 474 3539 non
498 3484 598 3540 metro
621 3478 740 3564 tragico
762 3478 877 3542 utitur.
903 3500 933 3540 v.
946 3500 973 3541 c.
998 3477 1040 3541 rel
1062 3484 1137 3541 ποῖαι
1161 3475 1256 3557 τρύχη
1281 3498 1325 3541 vs.
1350 3479 1425 3555 413,

296 3588 466 3665 δύσποτμος
496 3586 610 3669 γεριιὸξ
639 3613 683 3654 vs.
715 3593 791 3668 419,
822 3590 955 3663 λακίδας
985 3590 1107 3655 πέπλων
1136 3611 1180 3652 vs.
1205 3590 1281 3666 428,
1304 3589 1425 3663 δυσπινῆ

296 3704 490 3779 πεπλώματα
512 3726 555 3767 vs.
581 3706 656 3767 426.
680 3703 728 3768 De
752 3704 824 3768 aliis
848 3713 958 3789 postea
981 3701 1169 3769 videbimus.

295 3926 350 3994 Vs.
375 3918 457 3988 412.
661 3933 702 3996 τὲ
725 3931 799 4012 ῥάκι’
825 3934 859 3996 ἐκ
881 3931 1057 4012 τραγῳδίαις.

217 4023 220 4028 .
340 4043 460 4109 Acerbe
494 4045 678 4130 perstringit
708 4045 894 4132 Euripidem
925 4043 1010 4129 quod
1041 4066 1130 4129 reges
1160 4042 1211 4108 hic
1242 4045 1275 4107 iu
1305 4065 1427 4108 scenam

292 4158 460 4222 induxerat
482 4157 640 4223 mendieos
663 4182 700 4223 ac
723 4159 852 4224 claudos
875 4158 926 4244 (ci.
952 4157 1032 4222 Rau.
1059 4160 1135 4237 842,
1162 4159 1270 4239 1063),
1295 4166 1328 4220 et
1352 4156 1429 4221 laee-

293 4274 337 4337 ris
359 4272 499 4354 vestibus
521 4274 661 4340 indutos.

339 4386 372 4451 si
392 4388 595 4473 Aristophani
615 4388 781 4468 credimus,
801 4387 864 4452 vid.
885 4387 965 4452 Ean.
990 4388 1087 4466 1063,
1109 4386 1155 4449 ita
1175 4386 1241 4473 egit
1261 4385 1429 4471 Euripides

291 4497 326 4563 ἵν’
349 4500 450 4566 ἐλεινοὶ
473 4507 535 4574 τοῖς
558 4500 721 4582 ἀνθρώποις
743 4502 888 4584 φαίνοιντ’
912 4496 995 4580 εἶναι,
1027 4508 1060 4564 et
1090 4500 1151 4564 hoc
1181 4501 1207 4563 si
1239 4521 1348 4564 verum
1370 4507 1428 4565 ests
