3592 5484
353 669 417 732 2⁰8
770 687 959 733 remmon
981 687 1018 732 11.
1063 697 1067 705 ·

377 976 407 1038 3.
431 974 580 1060 Superest
610 983 649 1039 ut
679 997 786 1039 versus
816 975 900 1039 inter
931 997 964 1040 se
987 995 1203 1059 comparemus
1225 973 1258 1037 in
1280 973 1456 1058 quibusda

330 1074 475 1140 incendio
497 1075 608 1140 'lboiae
631 1077 746 1161 agitur.

375 1174 442 1238 Iam
472 1177 565 1241 initio
587 1177 766 1261 tragoediae
788 1176 865 1240 urbs
886 1175 994 1240 ardet:
1019 1179 1039 1240 8
1062 1173 1147 1238 πόλει
1170 1172 1189 1245 t
1212 1179 1260 1238 νῦν
1283 1179 1458 1250 καπνοῦται,

333 1279 374 1340 60
409 1277 449 1348 εἷς
482 1273 573 1343 οἶκτον
604 1274 689 1352 ἦλθες
720 1276 788 1358 πυρὶ
817 1277 1081 1358 κατῃθαλωμένης,
1116 1278 1180 1340 145
1204 1275 1333 1356 τύφεται
1356 1274 1457 1351 Ἴλιον,

333 1380 396 1440 586
429 1377 532 1451 τέλεος
560 1377 581 1443 ἃ
610 1385 784 1459 κατιοῦσα,
811 1382 875 1442 825
898 1379 920 1442 οἱ
944 1378 976 1443 δέ
998 1403 1033 1443 σε
1056 1377 1221 1455 γειναμένα
1243 1377 1311 1459 supi
1328 1378 1458 1443 δαίεται.

333 1481 417 1544 1079
442 1480 520 1556 ἔμας
544 1479 647 1553 πόλεις
669 1479 812 1558 ὀλομένας
833 1478 839 1569 Ι
857 1477 896 1545 ἂν
919 1481 1007 1560 τυρὸς
1025 1478 1170 1557 αἷέομένα
1191 1478 1353 1543 κατέλυσεν
1371 1478 1458 1559 ὅρμα.
1552 1479 1554 1483 ’

375 1578 469 1644 Hisce
503 1603 652 1666 compone
686 1603 767 1666 quae
799 1581 952 1666 leguntur
985 1583 1071 1645 1256
1105 1600 1173 1664 sqq.
1204 1578 1289 1644 Novi
1318 1580 1395 1664 quid
1426 1587 1460 1645 οι

331 1680 467 1744 inauditi
489 1683 615 1766 reginae
636 1682 736 1747 oculis
759 1681 917 1747 obicitur:

511 1805 593 1880 τίνας
640 1855 1038 1872 ........

509 1907 622 1971 λεύσσω
645 1908 781 1989 Φλογέας
804 1909 921 1974 δαλοῖσι
943 1907 1037 1987 χέρας

510 2008 724 2088 διερέσσονταςς
748 2010 853 2087 μέλλει
877 2010 969 2092 Τροίᾳ

509 2112 654 2174 καμόντι
677 2112 766 2176 κακὸν
788 2110 985 2192 προσέσεσθαι.

380 2235 564 2300 Adveniunt
584 2237 710 2316 milites,
734 2239 882 2303 mandata
905 2242 1134 2321 exsequuntur,
1159 2242 1191 2299 et
1214 2258 1298 2300 nunc
1320 2236 1459 2301 nondum

334 2336 492 2400 incensam
523 2337 632 2402 urbem
663 2339 746 2424 ignis
773 2347 884 2420 vastat,
907 2362 966 2403 sss.
994 2341 1091 2416 1279,
1119 2339 1215 2418 1296,
1242 2339 1338 2417 1318,
1363 2339 1460 2416 1820,

337 2439 431 2501 1325.
455 2438 572 2504 Rerum
595 2441 776 2505 testimonia
797 2441 925 2506 adsum.
944 2439 1033 2504 Talia
1053 2461 1156 2523 neque
1175 2438 1341 2524 Euripides
1358 2460 1462 2523 neque

333 2538 414 2603 alius
435 2549 528 2626 poeta
550 2563 624 2606 sana
646 2550 752 2607 mente
773 2542 936 2628 praeditus
960 2542 1151 2625 coniungere
1172 2541 1290 2626 potuit.

378 2639 447 2704 Iam
480 2642 545 2706 dixi
575 2643 660 2727 quod
690 2643 803 2708 sentio.
832 2642 925 2708 Duae
954 2643 1134 2728 tragoediae
1164 2642 1197 2706 in
1220 2664 1316 2706 unam
1339 2640 1461 2707 coalue-

225 2822 227 2825 .
334 2747 420 2822 runt,
451 2742 472 2805 1.
502 2765 529 2806 e.
560 2742 598 2807 ab
628 2744 735 2829 aliquo
764 2745 960 2810 diasceuasta
989 2751 1140 2809 consutae
1170 2753 1255 2824 suut,
1287 2744 1458 2829 quodiam

334 2844 559 2928 antiquissimis
582 2845 774 2932 temporibus
796 2845 915 2911 lactum
938 2869 1004 2911 esse
1027 2868 1154 2911 necesse
1180 2853 1237 2910 est.

379 2945 452 3009 Sine
474 2943 571 3010 dubio
592 2947 647 3011 ille
666 2947 802 3032 plurima
822 2948 960 3012 mutavit
978 2955 1017 3012 ιιι
1033 2947 1164 3012 disiecta
1175 2945 1353 3011 fabularum
1367 2968 1461 3012 mem·

335 3044 391 3111 bra
408 3053 570 3131 uteunque
589 3056 796 3128 connecteret,
816 3049 984 3134 prologum
1004 3049 1135 3113 fortme
1147 3055 1180 3111 et
1192 3070 1250 3112 sss.
1264 3048 1440 3112 auo-883
1449 3073 1459 3125 ς

336 3155 421 3213 certa
453 3171 525 3213 vero
554 3150 629 3214 baec
658 3148 820 3214 ridentur:
851 3149 878 3214 I.
910 3149 949 3213 In
979 3149 1121 3234 genuino
1144 3147 1298 3213 Troadum
1323 3148 1462 3213 dramate

336 3273 400 3315 non
423 3250 609 3336 legebantur
631 3275 690 3316 vss.
717 3255 802 3316 1256
822 3273 924 3336 nsque
943 3251 983 3315 ad
1002 3252 1106 3315 finem.
1129 3249 1175 3315 H.
1196 3249 1270 3314 Non
1290 3257 1366 3315 sunt
1383 3251 1464 3314 eiua-

336 3351 408 3416 dem
438 3351 585 3417 dramatis
612 3377 671 3418 uss.
697 3355 871 3416 sou-883
896 3358 929 3416 et
953 3355 1163 3417 890-1059.
1187 3351 1232 3416 Hi
1254 3375 1363 3417 versus
1383 3351 1463 3437 frag·

338 3459 479 3518 mentum
501 3477 565 3518 esse
588 3455 735 3519 uidentur
758 3455 885 3518 maioris
907 3454 1051 3539 episodii,
1076 3454 1109 3518 in
1132 3476 1196 3538 quo
1215 3453 1380 3518 Menelaus
1396 3474 1464 3539 pro·

338 3554 426 3619 dibat
448 3578 512 3619 non
535 3557 694 3620 saevitiam
716 3555 870 3620 simulans
890 3554 945 3618 sed
964 3555 1100 3641 perfidae
1121 3556 1226 3619 uxoris
1246 3554 1464 3620 scelusrevera

338 3677 394 3718 sua
423 3657 522 3742 ipsius
551 3657 677 3722 ulturus
662 3679 803 3736 smanu,
828 3657 884 3741 qui
907 3664 1014 3720 tamen
1039 3662 1078 3719 ιιι
1101 3655 1183 3719 dixit
1205 3655 1361 3777 Lampito,
1385 3653 1462 3737 Lys.

342 3759 415 3836 155,
436 3761 493 3830 τοῖς
516 3758 642 3830 Ελένας
663 3782 705 3823 τα
728 3761 817 3836 μᾶλα
840 3763 962 3835 γυμνοῖς
985 3757 1149 3837 existam,
1169 3753 1345 3834 ἐξέβαλε
1315 3780 1348 3820 το
1367 3753 1463 3832 ξίφος.

384 3859 544 3940 Quaenam
568 3867 674 3924 autem
696 3858 857 3944 tragoedia
879 3881 951 3924 cum
975 3855 1151 3922 Troadibus
1174 3858 1325 3922 coaluerit
1348 3856 1466 3921 coniec-

340 3967 412 4026 tura
435 3963 556 4045 assequi
578 3984 641 4026 non
664 3983 757 4045 queo.

386 4181 476 4269 Quae
505 4183 633 4274 exposui
663 4183 726 4252 alio
756 4181 895 4252 eiusdem
919 4183 1193 4251 contaminationis
1215 4182 1355 4270 exemplo
1377 4182 1464 4250 illus

340 4289 417 4352 trari
440 4298 579 4374 possunt.
602 4290 691 4354 Idem
715 4290 797 4353 enim
821 4288 906 4373 quod
929 4286 1113 4368 Troadibus,
1146 4287 1207 4351 nisi
1229 4286 1334 4366 fallor,
1352 4285 1465 4350 accidit

342 4385 527 4469 Phoenissis,
550 4390 589 4455 de
611 4389 728 4475 quibus
749 4412 849 4476 pauca
870 4388 985 4454 addere
1008 4389 1114 4454 liceat.

282 4555 289 4560 ,
386 4490 455 4555 Iam
476 4491 635 4578 Hartnng,
657 4491 735 4556 Eur.
758 4492 897 4556 restitut.
917 4491 985 4576 Ip.
1006 4492 1072 4555 428
1091 4491 1268 4577 suspicatus
1285 4446 1463 4554 estPhoen.
