3592 5484
615 614 736 662 soson.
759 616 1010 662 ausoouosssms
1032 617 1068 662 ns
1091 617 1223 662 aromo.
1397 600 1458 661 201

361 794 498 868 pantenu:
529 784 655 866 auqurio
681 791 797 863 accepto
821 805 943 865 puerum
966 785 1125 846 exanimem
1148 787 1184 846 de
1205 784 1282 847 dolio
1305 785 1418 848 educit.
1443 784 1491 848 cni¹

367 885 468 949 Minos
491 887 555 949 ait:
582 906 726 964 „corpore
749 886 867 947 inuento
888 906 967 946 nunc
990 884 1129 965 spiritum
1152 882 1304 946 restitue.”
1331 886 1416 952 Quod
1435 885 1492 948 Po·

366 986 466 1070 lyidus
496 1009 560 1048 cum
588 990 707 1066 neqaret
742 1005 825 1066 posse
848 984 932 1068 fieri,
957 983 1058 1048 Minos
1080 986 1159 1048 iulet
1180 1008 1245 1048 curn
1266 1007 1357 1067 puero
1379 986 1412 1048 in
1435 1008 1491 1050 ma

367 1093 506 1148 numento
538 1084 652 1148 includi
675 1091 703 1147 et
723 1084 858 1166 pladium
873 1084 959 1167 poni.
985 1085 1037 1168 qui
1060 1107 1124 1148 eum
1146 1085 1256 1148 inclusi
1278 1093 1382 1162 essent,
1406 1088 1494 1150 draco
1596 1087 1601 1096 '

368 1194 485 1267 repente
506 1189 548 1250 ad
568 1208 670 1268 corpus
684 1186 776 1269 pueri
796 1186 946 1267 processit,
971 1188 1049 1269 quorl
1069 1185 1214 1269 Polyidus
1236 1185 1409 1249 esistimans
1430 1208 1495 1250 eum

369 1286 443 1350 uelle
467 1308 640 1363 consumere,
660 1286 761 1368 plautio
783 1292 899 1367 repente
919 1285 1064 1366 percussit
1083 1294 1111 1349 et
1129 1285 1244 1351 occidit.
1264 1287 1361 1350 altera
1379 1308 1497 1369 serpens

367 1409 467 1469 paren
492 1409 643 1471 quaerens,
669 1386 743 1450 cidit
766 1408 828 1449 eam
852 1386 1044 1471 interfectam
1066 1393 1095 1450 et
1107 1409 1263 1469 propressa
1284 1388 1399 1450 henham
1417 1393 1498 1475 attu-

370 1489 409 1551 lit
438 1495 527 1571 atque
555 1487 618 1550 eius
648 1493 730 1550 tactu
753 1486 883 1568 serpenti
904 1486 1043 1568 spiritum
1066 1487 1219 1562 restituit,·
1244 1487 1370 1570 idemque
1392 1486 1495 1569 Polyi·

371 1591 427 1652 dus
442 1589 536 1672 jecit.
562 1588 614 1672 qni
636 1610 699 1650 cum
722 1587 805 1650 intus
828 1587 1075 1668 vociferarentur,
1099 1589 1218 1672 quidam
1233 1589 1417 1670 praeteriens
1434 1587 1495 1650 Mi·

372 1689 423 1752 noi
445 1689 608 1766 nuntiarit,
633 1688 685 1772 qni
702 1695 915 1751 monumentum
936 1688 1023 1752 iussit
1041 1689 1153 1771 aperiri
1172 1696 1201 1753 et
1214 1689 1498 1774 filiumincolumem
1560 1725 1563 1732 ·

373 1790 565 1870 recuperavit,
594 1788 751 1874 Polqidnm
774 1812 838 1853 cum
861 1789 964 1852 mullis
986 1791 1153 1854 muneribus
1173 1790 1206 1852 in
1222 1790 1353 1873 patriam
1373 1790 1494 1854 remisit.

420 1890 516 1953 Hisce
547 1897 653 1953 autem
684 1911 832 1975 compone
863 1887 967 1952 Schol.
999 1889 1096 1953 Arist.
1120 1912 1150 1974 p.
1177 1890 1239 1953 728
1264 1912 1313 1975 ap.
1337 1888 1433 1953 Dind.
1456 1889 1495 1953 ir.

375 1988 445 2054 Pol.
477 1988 631 2062 Πολύειδος
660 1989 816 2064 τετοίντοιι
840 1990 941 2070 δρῖιμοι
963 1990 1119 2070 Εὐριπίδῃ,
1143 1990 1172 2054 ἕν
1195 1983 1216 2070 ᾧ
1241 1990 1312 2067 βοῦν
1335 1991 1497 2071 τρίχροιμον

377 2098 457 2155 ποιεῖ
488 2091 629 2171 εὑρῆσθαι,
658 2098 690 2154 ot
720 2090 861 2175 inprimis
892 2090 1016 2155 Aelian.
1048 2089 1091 2155 N.
1125 2093 1187 2156 An.
1220 2090 1259 2154 V.
1294 2094 1312 2154 2
1344 2091 1385 2155 ib.
1409 2094 1438 2156 ἕν
1460 2102 1497 2173 τῇ

377 2191 473 2272 Κρήτῃ
509 2196 634 2269 pactae
663 2191 707 2268 nir
738 2191 869 2269 γίνεσθαί
897 2198 974 2272 φιοσι
1004 2193 1036 2256 τὸ
1060 2190 1202 2271 napulrrau
1216 2240 1312 2265 .....
1337 2191 1408 2256 ἔοικε
1430 2191 1498 2256 iii

377 2292 446 2372 Εὐρ.
481 2291 693 2369 οἱβοισοινίστως
723 2291 908 2365 πεποιηκέναι
940 2293 988 2356 τὸν
1018 2291 1172 2357 Πολύειδον
1203 2293 1309 2373 ὁρῶντο
1338 2292 1499 2366 rinharim

377 2391 449 2472 ὄρνιν
471 2391 522 2456 uni
546 2390 579 2466 ἐξ
601 2394 695 2466 αὐτῆς
717 2392 936 2473 τεκμηράμενοι
960 2391 1002 2457 ἔτι
1025 2394 1133 2473 εὑρήσει
1156 2393 1208 2457 nni
1232 2395 1281 2458 rhu
1300 2394 1499 2458 steinensis

379 2495 520 2558 τεθνεῶτα
543 2497 593 2558 τοῦ
618 2494 699 2558 Μίνω
722 2495 770 2558 τὸν
793 2490 858 2558 υἱόν.

423 2593 471 2657 Ex
493 2592 541 2656 his
562 2593 748 2658 testimoniis
770 2593 825 2676 qui
849 2593 961 2657 efficiat
983 2593 1163 2679 scriptorem
1187 2593 1311 2659 tabulae
1330 2617 1494 2680 argumen-

378 2700 448 2758 tum
471 2693 618 2759 dramatis
640 2693 802 2780 Euripidei
819 2681 949 2774 movisse,
969 2694 1106 2775 minime,
1126 2695 1246 2781 opinor,
1267 2702 1382 2760 temere
1401 2717 1492 2781 agere

380 2793 555 2859 censendus
578 2802 635 2859 est.

424 2898 455 2959 4.
479 2894 554 2960 aab.
580 2897 641 2960 120
665 2894 728 2963 tatu
750 2894 934 2981 Iphigeniae
954 2897 987 2961 in
1007 2894 1118 2961 Tauris
1136 2904 1322 2963 narrantur:
1341 2901 1501 2977 „Orestem

380 2997 485 3061 matris
499 2999 611 3083 furiae
633 3020 697 3061 cum
718 2998 902 3079 euaqitarent
925 2999 1055 3080 Delphos
1077 2999 1261 3064 sciscitatum
1285 3008 1328 3064 est
1347 3003 1503 3083 profectus

381 3099 449 3183 quis
479 3101 596 3162 tandem
619 3100 717 3162 modus
739 3105 813 3161 esset
835 3120 1053 3179 aerumnarum,
1075 3121 1242 3182 responsum
1264 3108 1308 3165 est
1332 3108 1365 3164 ut
1390 3104 1422 3165 im
1445 3109 1503 3166 ler-

382 3222 446 3262 σοιν
475 3198 630 3263 Tauricam
658 3201 701 3262 ad
728 3220 820 3281 reqem
856 3198 1012 3263 Thoantem
1031 3207 1146 3282 patrem
1172 3200 1355 3286 Hypsipyles
1378 3203 1435 3266 iret
1458 3202 1503 3266 im·

382 3302 473 3385 deque
494 3303 530 3363 de
552 3301 656 3382 templo
679 3300 801 3363 Dianae
821 3299 936 3382 siquam
960 3303 1052 3383 Arpos
1073 3302 1207 3387 afferret,
1233 3309 1305 3367 tunc
1320 3304 1412 3387 finem
1436 3304 1504 3386 fure
1537 3300 1545 3333 ¹

384 3401 534 3478 malornm,
566 3407 642 3463 sorte
663 3401 769 3463 andita
792 3424 855 3464 mum
878 3401 994 3485 Pplade
1018 3401 1151 3484 Strophii
1166 3403 1237 3486 filio
1257 3405 1357 3467 sodale
1377 3427 1429 3467 suo
1451 3428 1505 3469 na·

383 3524 445 3566 uem
472 3501 645 3577 enascendit,
670 3501 858 3586 celeriterque
880 3504 923 3565 ad
948 3501 1059 3565 Tauros
1081 3505 1270 3581 devenerunt,
1295 3526 1414 3588 qnorum
1430 3506 1504 3590 suit

384 3600 556 3664 institutum
584 3608 618 3664 ut
641 3602 693 3684 qni
715 3602 797 3665 intra
813 3603 894 3686 fines
916 3624 1012 3665 eorum
1033 3603 1133 3684 hospes
1155 3605 1279 3667 uenisset
1301 3607 1405 3687 templo
1428 3607 1506 3669 Ilia·

384 3725 441 3766 nae
473 3702 682 3766 immolaretur.
718 3702 767 3765 uhi
802 3703 915 3765 Orestes
943 3710 972 3764 et
1002 3703 1133 3787 Pylades
1164 3726 1228 3767 num
1261 3705 1292 3766 in
1315 3706 1455 3786 spelunca
1476 3729 1507 3770 se

386 3809 559 3866 tutarentur
588 3809 616 3866 et
646 3804 818 3865 occasionem
847 3809 1011 3884 captarent,
1043 3827 1063 3865 a
1088 3804 1256 3885 pastoribus
1277 3807 1446 3886 deprehensi
1466 3810 1509 3870 ad

385 3925 478 3985 reqern
513 3902 669 3965 Thoantem
699 3909 769 3965 sunt
799 3903 926 3965 deducti.
956 3923 1024 3985 qnos
1052 3902 1146 3966 Thoas
1170 3925 1222 3966 suo
1244 3927 1319 3967 mure
1341 3906 1453 3970 uinctos
1474 3909 1505 3971 in

387 4004 523 4084 tenplum
558 4003 679 4065 Dianae
712 4009 747 4064 ut
780 4002 1001 4066 immolarentur
1034 4004 1103 4066 duci
1138 4003 1236 4082 iussit,
1273 4006 1324 4068 uhi
1352 4007 1507 4089 Iphiqenia

392 4104 503 4168 Orestis
537 4126 617 4166 soror
647 4104 713 4182 sicit
747 4106 889 4167 sacerdus.
919 4125 1019 4187 eosque
1048 4125 1083 4166 es
1106 4104 1198 4186 siqnis
1222 4112 1308 4187 atque
1329 4109 1509 4188 arqumentis

388 4205 438 4287 qni
471 4213 564 4268 essent
595 4204 667 4286 quid
694 4204 840 4268 venissent
869 4212 1020 4287 postquam
1050 4205 1160 4282 resciit,
1191 4206 1310 4269 abiectis
1337 4209 1509 4273 ministeriis

388 4305 455 4388 ipssa
489 4305 579 4387 coepit
609 4306 726 4387 siquam
758 4305 877 4367 Dianae
906 4306 1040 4369 auellere.
1069 4327 1122 4388 quo
1144 4327 1196 4369 ree
1218 4328 1282 4370 cum
1305 4308 1508 4375 interuenisset

391 4413 421 4470 et
443 4406 584 4489 roqitaret
606 4429 660 4471 cur
683 4406 715 4470 id
734 4408 861 4490 faceret,
885 4406 941 4469 illa
964 4406 1104 4470 ementita
1126 4413 1170 4470 est
1189 4407 1316 4490 dicitque
1333 4412 1510 4475 eosscelera·

1354 4505 1383 4546 ιι
