3592 5484
862 624 948 669 AVES.

338 802 392 869 Vs.
420 798 523 868 1420.
555 810 673 887 πτερῶν,
699 811 807 888 πτερῶν
830 807 882 875 δεῖ.
907 804 1103 885 μ1πι11ρτ1
1129 803 1263 884 deicerer,

382 918 484 984 Schol.
509 920 591 1001 rapit
612 922 645 985 τὸ
668 921 822 1002 Aio-xiima
839 922 871 985 ἐκ
890 918 1079 1000 Μυρμιδόνων
1105 917 1240 997 „Zeton
1264 916 1359 983 ianoe
1382 919 1454 983 δε1.”

337 1034 388 1101 Pr.
415 1037 478 1100 1:36
502 1034 555 1115 N.,
582 1037 643 1100 140
668 1035 706 1100 1).
734 1036 902 1120 Sequentia
926 1036 969 1113 μ1
988 1072 1034 1083 -
1052 1033 1178 1116 δεύτερον
1198 1033 1280 1099 bisce
1299 1034 1456 1119 iungenda

337 1173 401 1215 esse
427 1150 550 1215 monuit
568 1150 667 1217 Koclr.
686 1150 788 1217 Verba
807 1159 883 1217 sunt
902 1150 1035 1216 Achillis
1049 1159 1179 1216 mortem
1193 1149 1329 1215 Patrocli
1342 1149 1454 1215 ulturi.

337 1377 391 1444 b's.
420 1372 524 1443 1420.
558 1380 631 1445 einai
655 1382 812 1463 πτερύγων.
910 1418 913 1426 ·

382 1495 442 1560 Ad.
474 1496 552 1560 Ach.
585 1499 648 1562 970
681 1496 755 1560 ὑπνιὶ
784 1496 932 1577 πτερύγων
954 1498 1066 1575 κιχλὶν
1089 1493 1141 1557 rezi
1165 1494 1307 1573 κνμίχων,
1332 1491 1455 1557 Schol.:

337 1618 474 1688 μιμεῖτιιι
491 1609 529 1674 ’δὲ
552 1611 585 1676 τὸ
609 1611 709 1687 μέλις.
734 1609 863 1676 Carmen
888 1632 951 1675 non
975 1617 1130 1674 serratum
1153 1615 1208 1673 est.

382 1725 445 1807 Qui
478 1747 520 1789 vs.
556 1727 639 1789 1445
672 1725 748 1790 dicit
778 1724 877 1789 filium
905 1724 952 1790 ἐπὶ
975 1723 1124 1807 τραγῳδίᾳ
1144 1720 1149 1812 Ι
1169 1723 1379 1802 ἀνεπτερῶτθιιι
1404 1720 1456 1784 axi

336 1842 518 1912 πεπιτῆτόιιι
541 1842 597 1912 τὰς
619 1839 739 1921 φρένας.
764 1841 889 1926 lyricam
914 1838 960 1903 vel
984 1838 1132 1924 tragicam
1159 1835 1326 1901 dictionem
1355 1834 1456 1899 imita-

337 1964 400 2020 tur.
428 1954 647 2020 0111111.
675 1957 747 2021 177.

380 2071 427 2135 De
455 2073 538 2138 1470
561 2071 661 2136 πολλὰ
686 2071 722 2145 bi
744 2072 804 2136 κτὲ.
830 2069 901 2135 vid.
926 2069 964 2134 ad
989 2093 1031 2134 rs.
1060 2072 1154 2134 1494.

335 2297 390 2363 Vs.
419 2290 523 2361 1494.
556 2296 594 2362 In
626 2320 746 2362 scenam
771 2295 875 2383 prodit
899 2294 1113 2372 Prometheus,
1137 2293 1238 2358 uelato
1260 2293 1369 2379 capite,
1394 2315 1454 2356 me-

339 2421 432 2479 tuens
463 2435 502 2477 nc
532 2434 564 2476 se
594 2411 716 2498 Iupiter
739 2409 973 2489 animadvertat,
999 2408 1111 2475 deinde
1134 2417 1296 2495 postquam
1319 2407 1390 2492 quis
1413 2409 1453 2472 sit

336 2525 555 2591 Peithethaero
586 2527 720 2612 aperuit,
752 2525 920 2590 umbellam
952 2532 1042 2609 rogat
1071 2546 1133 2608 qua
1156 2546 1188 2587 se
1211 2531 1307 2608 tegat,
1331 2521 1455 2586 Peithe-

335 2651 455 2706 tucrum
491 2641 653 2705 certiorem
684 2640 758 2705 iacit
791 2639 872 2705 Deos
903 2638 1047 2704 barbaros
1076 2638 1147 2703 Jovi
1172 2636 1289 2702 bellum
1312 2636 1454 2702 intulisse

334 2756 542 2840 hortaturque
565 2777 636 2820 eum
658 2757 738 2820 viam
761 2756 836 2821 coeli
862 2778 900 2820 ne
925 2755 1011 2841 prius
1030 2754 1195 2841 patefaciat
1212 2775 1307 2836 quam
1326 2751 1452 2838 Jupiter

333 2871 387 2944 ria
410 2870 565 2935 Βασίλειαν
590 2869 763 2936 tradiderit.

378 2985 508 3072 Saepius
530 2985 607 3049 mihi
631 3009 690 3050 uss.
712 2989 796 3051 14114
819 3010 886 3070 sqq.
911 2985 1028 3070 legenti
1053 2983 1237 3049 videbantur
1256 2982 1330 3046 haee
1350 2982 1453 3047 omnia

333 3125 414 3188 quae
438 3100 476 3165 de
499 3101 685 3167 Prometheo
705 3110 805 3187 agunt
824 3125 928 3167 revera
949 3103 1048 3166 laceto
1065 3122 1127 3165 nou
1140 3122 1205 3165 esse
1216 3120 1319 3183 neque
1330 3120 1452 3164 summo

332 3217 448 3282 comico
480 3215 575 3302 digna
605 3217 664 3281 nisi
693 3216 919 3302 quodammodo
950 3238 1022 3280 eum
1052 3214 1229 3280 Promethei
1254 3213 1381 3278 historia
1405 3235 1452 3277 co

333 3332 505 3412 haererent,
534 3332 555 3395 i.
588 3354 614 3394 e.
647 3333 710 3397 veri
734 3331 911 3397 Promethei
934 3330 1093 3417 perediam
1118 3328 1325 3393 continerent.
1350 3330 1453 3411 Auge-

332 3447 409 3513 baut
439 3447 517 3511 hanc
547 3447 754 3533 suspicionem
786 3447 922 3511 earmina
954 3445 1075 3510 choriea
1110 3446 1192 3508 1470
1221 3464 1286 3528 sqq.
1310 3449 1342 3505 ct
1368 3444 1452 3506 1553

332 3584 398 3647 sqq.
432 3569 463 3625 et
492 3560 592 3626 multa
622 3584 701 3646 quae
730 3563 762 3626 iu
794 3572 947 3647 postrema
975 3559 1148 3624 comoediae
1173 3566 1260 3644 parte
1285 3564 1454 3643 supersunt

331 3676 461 3759 vestigia
491 3675 679 3761 Aeschyleae
713 3676 858 3741 dictionis
888 3677 988 3739 donee
1019 3672 1115 3739 subiit
1145 3673 1292 3756 cogitatio
1314 3671 1450 3736 animum

331 3790 383 3853 hic
412 3790 521 3875 respici
552 3790 695 3876 Aeschyli
719 3790 950 3869 Prometheum,
975 3813 1038 3855 uou
1062 3788 1212 3853 Vinctum
1235 3787 1327 3852 illum
1351 3809 1451 3870 neque

332 3905 478 3970 Solutum
509 3903 573 3983 sed,
605 3904 772 3970 dummodo
804 3904 924 3992 probari
955 3912 1059 3991 posset
1081 3902 1165 3988 quod
1189 3903 1260 3968 olim
1286 3900 1451 3966 Welekero

330 4017 505 4095 ridebatur,
529 4016 750 4083 Prometheum
774 4018 923 4100 παρφέριν.

375 4131 448 4199 Νοιι
475 4131 536 4196 nisi
558 4130 740 4197 dubitanter
764 4133 843 4197 hanc
867 4136 899 4197 in
925 4130 1062 4197 medium
1086 4131 1207 4217 profero
1231 4129 1449 4206 coniecturam,

330 4270 394 4312 non
422 4248 549 4333 ignarus
579 4247 695 4311 multos
725 4248 804 4312 viros
827 4249 933 4312 doctos
958 4246 1075 4310 unllam
1101 4266 1249 4327 umquam
1273 4244 1367 4308 luisse
1390 4251 1450 4306 tra·

330 4361 471 4443 guadiam
502 4359 721 4426 Prometheum
747 4364 889 4442 πυρφέρτν
912 4383 1044 4425 censere.
1066 4361 1259 4442 Argumenta
1281 4367 1385 4421 tamen
1409 4359 1451 4422 al·

330 4478 435 4558 leram,
460 4498 541 4561 quae
564 4499 604 4541 an
628 4478 702 4540 satis
723 4476 811 4541 firma
833 4479 897 4541 sint
921 4476 1082 4562 peritiores
1105 4472 1286 4537 diiudicent.
