3592 5484
714 675 1067 721 rnasuornoaraausna.
1369 660 1429 722 131

330 854 380 910 tra
418 844 566 929 quaesivi.
599 844 716 909 Contra
745 845 821 929 quid
854 845 896 908 sit
919 843 968 908 ἐπὶ
993 844 1115 923 τορείαν,
1141 844 1203 906 sive
1226 843 1368 921 δαιμόνων
1392 846 1454 908 sive

331 960 456 1038 δαιμόνι’
480 959 613 1042 legatur,
637 981 699 1023 non
722 982 868 1044 assequor
891 981 994 1042 neque
1019 957 1117 1022 habeo
1140 982 1202 1042 quo
1222 959 1289 1023 loco
1309 967 1454 1045 corrupto

332 1074 467 1139 medeor.
494 1071 541 1136 De
564 1073 661 1137 forma
684 1074 905 1151 νανμοτόμκτος
932 1073 1047 1137 Porson
1070 1073 1109 1136 ad
1132 1073 1206 1137 Hec.
1229 1076 1291 1136 206
1309 1072 1455 1150 „Vereor

332 1194 400 1268 „ut
422 1188 464 1253 ait
487 1187 672 1252 Graecum.''

334 1414 388 1480 Vs.
417 1406 520 1477 1058.
620 1414 656 1478 σὺ
679 1404 704 1478 δ’4
730 1408 759 1477 εἷ
776 1413 830 1487 τίς,
855 1411 924 1486 ἥτις.
942 1415 1049 1491 τούμὸν
1073 1415 1209 1494 ᾠκτεορκς
1231 1413 1340 1490 addon

378 1528 585 1615 Euripideum
614 1552 678 1592 esse
701 1552 823 1593 versum
847 1529 985 1593 virorum
1010 1528 1172 1593 doctorum
1201 1528 1369 1593 admodum
1391 1552 1458 1615 pro·

334 1643 446 1709 babilis
469 1650 517 1706 est
541 1642 655 1727 opinio.

379 1756 505 1834 Nauck,
529 1757 566 1820 fr.
593 1758 666 1834 125,
690 1757 853 1821 coniunxit
875 1779 933 1820 vss.
961 1759 1056 1834 1110,
1084 1758 1168 1819 1058
1193 1762 1224 1820 et
1250 1759 1347 1820 1101.

514 1869 598 1933 Pera.
623 1866 643 1932 ὦ
666 1871 791 1950 παρθέν’,
815 1871 937 1951 οἰκτείρω
960 1869 1204 1951 concamaratum
1228 1870 1302 1950 ὁρῶν.

514 1983 612 2049 Andr.
636 1985 672 2048 σὺ
695 1984 721 2049 δ’
746 1978 774 2048 εἶ
792 1985 836 2056 τίς
860 1983 938 2056 ὄντος
963 1986 1069 2062 τούμὸν
1094 1982 1230 2064 ᾧκτεορας
1253 1984 1360 2060 πάθας

515 2097 599 2162 Pera.
624 2099 747 2178 Περσεὺς
770 2099 838 2180 πρὸς
862 2096 974 2179 Ἄργος
999 2102 1173 2163 ναυστολῶν.

380 2213 458 2294 „En
492 2213 568 2277 Eur.
604 2212 802 2277 Andromeda
833 2213 889 2277 hos
921 2236 1028 2277 versus
1059 2236 1124 2277 esse
1156 2212 1311 2277 derivatos
1339 2211 1458 2276 dudum

336 2329 598 2409 „intellexerunt
630 2350 670 2392 vs.
709 2331 720 2391 1
746 2335 778 2392 et
803 2331 821 2391 2
845 2330 907 2392 iam
930 2327 1100 2392 Barnesius
1125 2328 1298 2405 coniunxit,
1322 2351 1413 2393 versu
1439 2328 1457 2390 3

336 2466 459 2528 „quem
484 2442 533 2506 his
556 2441 723 2527 adiungere
746 2465 810 2507 non
834 2441 987 2520 dubitavi,
1012 2443 1130 2507 exclusi
1154 2441 1246 2506 verba
1269 2443 1301 2507 τὸ
1323 2442 1456 2520 Γοργόνος

335 2556 443 2639 »κάρον
465 2554 591 2637 κομοῖων
613 2556 687 2622 huic
711 2556 779 2622 loco
803 2557 931 2621 minime
955 2556 1058 2643 apta.'’
1081 2555 1203 2621 Nauck.

381 2669 499 2735 Versus
523 2673 541 2733 t
567 2677 598 2733 et
621 2671 640 2734 3
665 2692 727 2735 non
751 2671 886 2735 exclusis
909 2669 1010 2735 verbis
1034 2672 1067 2736 τὸ
1089 2709 1135 2718 -
1153 2669 1279 2751 κομῗζων
1302 2670 1364 2733 iam
1388 2692 1458 2735 con·

334 2785 509 2850 iunxerunt
529 2783 676 2849 Weloker
699 2791 731 2849 et
753 2783 905 2850 Fritsche.

382 2899 443 2965 Sed
466 2899 592 2979 iniuria,
617 2906 653 2964 ut
676 2899 753 2963 mihi
776 2899 903 2983 quidem
926 2897 1061 2978 videtur,
1082 2897 1203 2963 diversa
1223 2897 1458 2984 colligaverunt.

335 3011 410 3078 Non
440 3034 521 3097 nego
551 3010 697 3077 verbani
720 3017 854 3093 Γοργόνος
877 3012 955 3093 κοὶρκ
976 3012 1103 3093 κομίζον
1126 3012 1231 3091 „huic
1256 3013 1324 3077 loco
1347 3012 1390 3097 (id
1413 3021 1460 3077 eat

336 3134 408 3215 post
431 3150 474 3191 vs.
501 3128 598 3210 1058)
620 3127 748 3191 minime
770 3134 843 3212 apta
866 3127 962 3192 esse.'’
987 3125 1105 3191 Verum
1129 3125 1210 3191 inde·
1225 3150 1286 3191 non
1312 3126 1454 3210 sequitur

336 3241 518 3306 disseoauda
548 3264 612 3305 ease
635 3264 714 3326 quae
738 3240 854 3326 optime
878 3239 1063 3305 cohaereant
1087 3262 1189 3325 neque
1212 3241 1312 3304 τὸ-
1334 3239 1459 3321 κομίζων

336 3355 484 3442 Euripidi
515 3354 756 3421 abiudioandum
789 3379 854 3420 esse
885 3360 942 3419 aut
964 3355 1018 3419 alii
1041 3355 1191 3419 dramatis
1216 3356 1297 3440 parti
1321 3354 1458 3420 tribuen-

337 3470 424 3547 dum,
454 3470 507 3534 sed
538 3471 643 3555 potius
675 3494 729 3535 aar.
757 3472 840 3532 1058
866 3477 894 3532 et
919 3470 1002 3532 1101
1029 3492 1087 3532 noa
1108 3491 1169 3532 eoae
1191 3471 1376 3551 copulandos.
1400 3469 1459 3532 Ao-

336 3584 421 3648 oedit
455 3591 503 3661 ut,
533 3584 558 3648 si
587 3584 619 3647 τό
648 3621 692 3630 -
721 3582 846 3663 κομίζων
878 3582 953 3646 huic
983 3581 1051 3646 loco
1075 3603 1137 3645 non
1162 3581 1335 3658 conveniat,
1356 3603 1457 3665 neque

335 3698 404 3778 πρὸς
432 3693 544 3777 ’Ἄργος
574 3700 738 3760 ναυστολῶν
761 3704 868 3781 aptum
892 3696 934 3759 sit
957 3717 1151 3781 responsum.
1177 3694 1264 3776 Quid
1289 3695 1371 3759 enim
1396 3697 1459 3759 An·

335 3809 511 3888 dromedae,
535 3832 616 3894 quae
640 3811 672 3874 in
696 3810 808 3874 ultimo
831 3810 914 3873 vitae
933 3809 1112 3873 discrimine
1131 3815 1207 3888 erat,
1228 3810 1376 3873 intererat
1393 3831 1456 3893 quo

335 3926 396 3989 iter
419 3925 535 3989 faceret
559 3922 714 3988 Perseus?

382 4036 505 4101 Deinde
540 4036 754 4121 quaerendum
786 4044 833 4102 est
864 4059 904 4099 an
937 4035 1065 4099 vinculo
1095 4035 1231 4119 quodam
1255 4036 1392 4100 interae
1416 4058 1464 4099 oo·

336 4153 487 4217 haereant
517 4174 575 4215 vss.
609 4154 692 4215 1110
723 4159 755 4215 et
787 4153 882 4214 1058.
912 4149 986 4214 Meo
1009 4149 1136 4229 iudicio,
1160 4150 1259 4213 nullo.
1281 4148 1374 4228 Quod
1393 4172 1458 4214 ver-

337 4265 412 4330 bum
448 4265 586 4344 οἰκτείρειν
619 4265 652 4328 in
689 4270 824 4348 utroque
863 4264 1020 4349 reperitur
1062 4263 1231 4328 admodum
1269 4261 1371 4327 debile
1409 4272 1457 4327 est

335 4385 567 4466 argumentum,
606 4386 638 4442 et
671 4377 749 4442 nihil
784 4385 831 4442 est
868 4378 953 4462 quod
990 4377 1187 4462 suspicemur
1223 4376 1454 4442 Andromedam

335 4493 438 4560 verbis
473 4492 591 4585 quibua
624 4493 658 4557 in
695 4492 854 4556 comoedia
882 4491 961 4555 dclv>
990 4491 1206 4577 appellaverit,
1238 4491 1271 4554 in
1298 4492 1458 4576 tragoedia
