3592 5484
857 669 945 715 avus.
1392 655 1435 716 98

335 844 428 909 aliter
458 841 585 907 omnino
617 863 665 904 res
688 861 721 902 ae
744 836 847 902 habet.
872 836 990 902 Verum
1013 837 1140 922 quidem
1163 844 1210 902 est
1233 837 1457 904 Prometheum

320 956 404 1024 ,fusa
438 953 611 1021 describere
645 974 726 1037 quae
759 951 818 1016 sibi
845 949 980 1016 debeant
1009 951 1164 1032 mortales,
1195 974 1254 1016 ass.
1289 956 1352 1016 229
1377 974 1457 1038 sqq,

335 1072 400 1134 442
424 1091 490 1153 sqq.
515 1066 576 1131 Sed
599 1064 746 1130 beneficia
768 1065 812 1130 ibi
836 1073 986 1129 memorat
1010 1063 1127 1150 quibus
1149 1073 1220 1152 post
1240 1066 1322 1150 ignis
1341 1067 1460 1132 donum

334 1184 476 1249 homines
503 1180 653 1266 gaudent,
684 1180 827 1243 scientias
859 1178 929 1242 dico
951 1185 983 1243 et
1006 1186 1098 1257 artas,
1121 1201 1203 1264 qnae
1226 1180 1260 1244 in
1284 1180 1384 1266 prima
1406 1181 1461 1245 tri·

333 1298 435 1383 logiae
468 1293 629 1380 tragoedia
663 1290 795 1358 describi
830 1315 894 1357 non
928 1299 1110 1378 potuerunt,
1142 1293 1260 1379 quippe
1291 1315 1372 1378 quae
1402 1294 1460 1359 diu

334 1419 415 1498 post,
450 1410 564 1474 sensim
598 1399 814 1494 paulatimque
848 1407 887 1471 ad
918 1406 1058 1471 homines
1088 1407 1298 1492 pervenerint.
1330 1409 1460 1472 hiertam

335 1526 499 1605 Lemnium,
535 1526 614 1609 quod
644 1525 746 1586 horum
780 1523 980 1607 beneficiorum
1008 1522 1187 1605 principium
1208 1523 1283 1607 fuit
1313 1530 1343 1587 et
1372 1524 1459 1608 quasi

325 1641 574 1725 ,fundamentum
605 1660 646 1701 aa.
674 1637 735 1698 110
758 1657 827 1719 sqq,
851 1636 884 1699 ν’νι
906 1635 1075 1700 Prometheo
1098 1636 1196 1700 vincto
1214 1659 1273 1700 non
1291 1638 1391 1701 sedulo
1411 1639 1459 1700 de·

334 1753 485 1819 scribitur.
513 1750 669 1835 Tangitur
693 1748 829 1834 quidem,
852 1773 881 1812 v.
905 1773 932 1814 c.
955 1773 999 1814 vs.
1025 1753 1054 1830 7,
1079 1747 1134 1814 nbi
1159 1748 1275 1814 Kratos
1300 1756 1336 1814 ut
1361 1749 1456 1815 bilem

335 1865 507 1952 Hephaesti
526 1871 665 1929 moveat:

535 1981 568 2043 τὸ
591 1978 640 2044 σὸν
663 1977 721 2058 γὰρ
743 1975 835 2049 ἄνθος,
860 1976 1027 2057 ποοντέχνοω
1050 1978 1136 2058 πυρὸς
1160 1975 1251 2049 σέλαος

536 2094 663 2164 θνητοῖσι
685 2090 801 2170 κλέψων
824 2091 950 2154 ὤπκσεν·

334 2229 394 2272 vss.
422 2208 483 2270 110
509 2212 541 2269 et
565 2207 639 2286 252,
664 2202 720 2268 ubi
743 2203 962 2268 Prometheus:

536 2317 803 2400 ναρθηκοπλήρωτον
827 2319 858 2382 δὲ
882 2319 1009 2399 deprimo
1027 2320 1112 2399 πυρὸς

536 2431 636 2508 πήγκν
658 2430 804 2495 κλοποοίοιν
826 2431 887 2495 κτὲ.

536 2545 604 2618 πρὸς
626 2544 725 2608 τοῖσδε
747 2543 845 2621 μέντοι
867 2547 923 2624 πῦρ
944 2543 1002 2620 ἐγώ
1025 2547 1096 2624 σφιν
1120 2543 1237 2609 draca.

334 2681 443 2725 verum
464 2658 498 2722 hi
517 2658 579 2722 loci
598 2680 660 2723 non
680 2658 833 2723 eiusmodi
852 2664 928 2722 sunt
947 2664 984 2722 nt
1003 2665 1149 2744 appareat
1166 2659 1295 2724 nullum
1308 2681 1457 2744 umquam

334 2773 535 2860 praecessisse
565 2771 681 2837 drama.
713 2769 809 2851 Quid,
840 2771 867 2835 si
896 2770 997 2836 simile
1019 2771 1096 2856 quid
1118 2773 1297 2838 invenimus
1321 2798 1348 2839 v.
1374 2798 1401 2840 c.
1424 2775 1458 2840 in

332 2886 562 2951 Eumenidihua
593 2883 761 2971 Aeschyli?
791 2884 995 2951 Praecessisse
1024 2883 1225 2973 Ohoephoras
1254 2912 1347 2953 nemo
1367 2911 1461 2974 nega·

334 2998 382 3065 bit
389 3025 399 3079 3
429 3006 570 3064 attamen
599 3023 658 3064 vss.
682 3001 745 3063 455
770 3020 835 3083 sqq.
860 2999 961 3063 fusius
982 3020 1076 3083 quam
1100 3001 1132 3065 in
1156 2999 1342 3066 Prometheo
1367 3024 1459 3088 expo

332 3113 422 3178 nitur
445 3113 523 3196 quid
546 3113 665 3178 lactum
690 3113 747 3190 sit;
770 3110 814 3176 ibi
836 3112 920 3176 enim
944 3110 1085 3178 Orestes:

376 3309 378 3312 Α
447 3228 512 3290 455
536 3225 676 3307 Ἀργεῖός
699 3225 770 3303 εἶμι,
795 3223 910 3306 πωτέρω
932 3225 958 3290 δ’
983 3226 1102 3307 ἱστορεῖς
1124 3230 1224 3300 καλῶς

536 3337 745 3418 Ἀγαμέμνον’

445 3456 509 3518 459
735 3452 819 3518 ἄλλοί
841 3476 881 3517 νον
904 3451 1097 3534 κελαινόφρων
1120 3453 1179 3531 ἐμὶν

538 3566 792 3648 μήτκρρνοιτέκτω
814 3567 876 3631 κτὲ.

446 3684 512 3745 462
535 3681 620 3758 κοὶγὼ
642 3681 799 3752 κατελθὼν,
824 3680 872 3744 τὸν
894 3681 945 3761 πρὸ
968 3685 1020 3745 τοῦ
1043 3680 1162 3761 φεύγων
1185 3681 1295 3762 χρόνον,

538 3793 652 3859 ἔκτεινον
675 3794 729 3866 τὴν
752 3799 894 3859 τεκοῦσαν
916 3796 976 3859 κτέ.

378 3907 478 3972 Aliud
502 3907 680 3993 exemplum
705 3908 832 3992 praebet
853 3907 1059 3972 Prometheus
1080 3908 1218 3973 Solutus.
1238 3909 1364 3996 Inspice
1383 3930 1462 3993 quos

332 4019 423 4086 nobis
455 4021 591 4086 servavit
619 4020 767 4106 Aeschyli
795 4043 902 4085 versus
929 4019 1047 4100 Cicero,
1071 4020 1162 4088 Tuae.
1187 4021 1317 4104 Quaest.
1342 4021 1378 4088 Π
1404 4025 1457 4102 10,

333 4135 371 4200 fr.
397 4137 458 4200 187
485 4132 543 4212 N„
569 4137 631 4198 193
656 4132 713 4200 D.:

714 4245 894 4332 „adspicite
918 4247 1084 4332 religatum
1106 4248 1225 4333 asperis

537 4409 557 4439 ‚,
567 4360 769 4444 vinctumque
793 4359 884 4438 saxis,
908 4382 1017 4425 navem
1040 4369 1078 4425 nt
1100 4361 1263 4427 horrisono
1285 4361 1365 4427 freto

537 4480 690 4555 „noctem
713 4480 860 4559 paventes
882 4473 987 4538 timidi
1008 4474 1182 4541 adnectunt
1205 4475 1344 4543 navitae.
