3592 5484
353 615 416 674 202
774 630 958 675 nrrnmnuu
981 633 1004 676 1.

330 804 375 858 ton
408 795 523 876 ciynrcni
556 796 789 870 contaminarem
823 800 899 879 qrcod
931 798 1013 880 inpii
1040 806 1069 861 ct
1099 799 1236 863 scelerati
1266 800 1393 863 tornines
1424 801 1457 863 in

331 896 467 977 ternplum
496 903 592 959 eccerct
614 899 746 974 adducti,
769 898 884 978 rinnon
909 899 1085 980 reiciendum
1108 903 1150 963 od
1170 923 1250 962 nore
1264 901 1357 985 ferre
1379 923 1457 982 opor·

333 1005 403 1073 tere,
426 1005 455 1059 et
479 996 574 1058 iubere
595 1019 658 1060 eum
682 998 854 1060 interdicere
877 999 987 1061 cicitur
1009 1021 1044 1061 ne
1060 1000 1124 1081 quic
1142 1023 1239 1063 eorum
1255 1008 1341 1063 ectro
1361 1002 1456 1064 urben

332 1098 434 1160 eciret.
459 1120 510 1159 rer
532 1098 676 1160 cacerdoti
694 1098 772 1160 dicto
792 1099 1011 1181 omtienccsoit.
1031 1100 1178 1162 occarione
1196 1101 1353 1182 Iphinenio
1365 1108 1455 1164 nocto

333 1199 415 1279 riqno
442 1199 559 1260 rublan
581 1220 645 1260 cunr
666 1199 770 1276 fratre
798 1199 898 1260 Orerte
920 1205 949 1261 et
972 1199 1089 1280 Pylade
1113 1200 1143 1261 in
1167 1223 1269 1263 nonem
1292 1201 1457 1266 ocoendit.’'

379 1298 459 1362 Cum
483 1299 540 1361 hac
563 1296 668 1360 fabula
692 1298 852 1381 tragoedia
874 1297 1045 1384 Euripiden
1070 1300 1146 1364 mire
1171 1301 1326 1385 conspirat
1351 1301 1401 1364 vel
1424 1301 1457 1365 in

334 1399 427 1464 rebus
448 1399 574 1463 minoris
598 1400 764 1475 momenti;
789 1400 875 1481 cinna
899 1402 1036 1464 enimet
1059 1411 1232 1483 orymnentn
1256 1401 1458 1486 reperiuntur

336 1525 395 1566 sss.
420 1502 482 1563 808
507 1522 573 1584 sqq.

383 1606 411 1665 5.
435 1600 556 1665 Fabula
581 1606 622 1665 54
645 1603 684 1667 de
706 1602 841 1667 Thetide
864 1603 947 1687 agit:

384 1705 499 1767 Thetidi
529 1705 652 1766 Nereidi
680 1706 785 1783 fotnrn
801 1705 885 1790 fnit,
909 1705 959 1787 qni
981 1727 1016 1767 er
1037 1726 1071 1766 eo
1093 1713 1184 1767 natur
1208 1712 1281 1767 eard
1301 1706 1456 1788 fortiorem

327 1807 402 1892 fore
424 1827 509 1888 quoin
529 1813 653 1886 putrem.
678 1806 744 1869 IIoc
764 1814 885 1888 praeter
907 1806 1109 1869 Prometheum
1133 1827 1196 1868 cum
1219 1806 1309 1869 cciret
1332 1828 1412 1868 neno
1431 1813 1460 1868 et

337 1907 415 1971 Iorir
447 1907 533 1969 uellet
567 1928 631 1969 cunc
660 1928 694 1968 eo
721 1909 910 1983 concumbere,
943 1907 1137 1969 Prometheus
1160 1906 1228 1969 Joci
1249 1907 1409 1985 pollicetur
1431 1928 1462 1969 ee

337 2029 401 2069 eum
416 2014 680 2089 praemoniturnrn,
702 2008 730 2069 ri
751 2030 782 2069 ce
804 2008 931 2071 rinculie
953 2009 1113 2070 liberocret.
1137 2005 1211 2070 cct.”
1231 2005 1321 2070 Hane
1342 2005 1459 2092 Hygini

338 2108 547 2171 narrationem
583 2131 598 2169 e
632 2107 790 2190 tragoedia
826 2108 971 2192 Aeschyli
1006 2108 1177 2171 derivatam
1210 2131 1275 2170 esse
1306 2115 1394 2193 patet
1423 2130 1458 2170 ex

338 2209 514 2272 acutissima
545 2208 756 2293 disputatione
780 2208 981 2285 Weckleinii,
1007 2208 1138 2273 Studien
1162 2232 1201 2272 nu
1227 2209 1337 2272 Aeseh.
1364 2210 1459 2287 1872,

339 2333 369 2395 p.
404 2311 445 2370 23
474 2331 551 2392 sqq,
582 2309 637 2391 qui
667 2309 777 2394 probat
808 2309 1028 2373 Prometheum
1063 2313 1240 2374 futurorum
1275 2332 1456 2394 praesagum

338 2409 467 2492 Iovique
491 2433 526 2472 ca
550 2410 737 2494 aperientem
762 2413 922 2497 proprium
949 2412 1042 2475 fuisse
1068 2410 1224 2495 Aeschyli.

383 2509 484 2573 Tetus
514 2521 579 2573 erat
610 2511 737 2574 traditio
768 2534 862 2595 quam
888 2514 1021 2576 servavit
1045 2511 1211 2587 Pindarus,
1236 2511 1348 2574 Isthm.
1374 2510 1460 2574 VIII

341 2616 381 2673 60
418 2634 495 2695 sqq,
528 2610 631 2675 lovem
662 2620 694 2676 et
721 2613 907 2698 Neptunum
933 2637 1003 2678 eum
1027 2613 1161 2676 Thetide
1185 2612 1388 2676 concumbere
1412 2635 1461 2674 vo

340 2714 444 2787 luisse,
482 2715 641 2776 Tlcernidenr
673 2722 779 2778 autem
809 2737 861 2778 eos
885 2715 1115 2799 praemonuisse
1139 2737 1178 2777 ne
1203 2715 1349 2777 facerent.
1370 2711 1464 2776 Prae·

339 2824 433 2892 terea,
457 2823 493 2877 ut
516 2815 612 2878 tradit
636 2813 803 2892 Hesiodus,
827 2814 1032 2879 Prometheus
1055 2838 1118 2878 non
1138 2813 1297 2878 Themidis
1318 2813 1371 2878 sed
1391 2812 1460 2898 Cly·

340 2939 444 2979 menes
467 2915 550 2978 filius
573 2914 644 2981 fuit.

384 3017 523 3080 Mutavit
546 3017 620 3080 haee
644 3017 737 3081 etad
761 3040 854 3081 suum
879 3040 968 3080 usum
994 3016 1153 3102 adoptauit
1178 3016 1358 3100 Aeschylus.
1384 3013 1462 3077 The·

341 3116 431 3180 midis
455 3125 557 3203 partes
580 3117 693 3181 tribuit
717 3116 901 3181 Prometheo
926 3116 1040 3199 (Prom.
1065 3119 1127 3180 907
1153 3139 1219 3200 sqq.
1251 3139 1313 3179 non
1337 3114 1462 3178 Themis

338 3220 391 3283 sed
415 3217 619 3282 Prometheus
643 3240 722 3301 quae
746 3219 853 3282 futura
876 3219 940 3282 sint
960 3219 1079 3303 aperire
1099 3217 1290 3303 pollicetur),
1311 3225 1343 3279 et
1365 3223 1463 3278 utve·

338 3319 464 3382 risimile
498 3318 550 3380 fiat
586 3341 657 3382 eum
696 3341 808 3382 areana
842 3319 1029 3403 cognovisse,
1067 3318 1166 3381 filium
1197 3317 1357 3380 Themidis
1390 3338 1462 3379 enm

338 3419 431 3483 fuisse
462 3421 562 3503 fingit.
590 3418 700 3482 Totam
730 3419 919 3484 Weckleinii
952 3419 1197 3504 disputationem
1221 3441 1374 3504 exponere
1397 3417 1462 3480 lon·

338 3544 412 3606 gum
443 3530 500 3597 est,
532 3521 649 3605 legenti
683 3544 754 3584 vero
784 3520 854 3584 lnce
884 3521 997 3584 elarius
1019 3522 1055 3583 fit
1077 3520 1241 3583 historiam
1268 3519 1460 3594 Promethei,

336 3646 430 3707 quam
460 3622 583 3686 exhibet
613 3622 781 3706 tragoedia,
813 3623 868 3685 uni
900 3621 1005 3685 deberi
1031 3621 1183 3705 Aeschylo
1210 3628 1241 3683 et
1263 3643 1371 3683 verum
1395 3641 1460 3682 eme

335 3723 419 3807 qnod
444 3746 474 3808 p.
502 3727 542 3786 26
568 3725 701 3806 legitur:
726 3746 790 3800 „so
814 3725 853 3786 ist
869 3772 964 3787 .....
990 3723 1136 3786 eruiesen
1160 3722 1229 3785 dass
1252 3721 1302 3784 die
1324 3720 1461 3784 Darstel·

334 3824 441 3908 „lung
463 3825 517 3888 des
541 3824 655 3909 Hygin,
680 3825 741 3888 sab.
769 3829 819 3903 54,
840 3847 917 3908 ganz
938 3825 994 3887 ani
1009 3823 1058 3887 die
1071 3822 1241 3908 Tragoedie
1259 3825 1314 3888 des
1327 3821 1461 3905 Aeschy-

335 3926 411 4003 „lns
435 3927 661 4010 unri‘rekgeht.''

382 4030 411 4091 6.
434 4026 507 4090 Fab.
548 4032 608 4090 iso
640 4028 774 4112 legitur:
807 4027 1029 4108 „Jlelonippen
1060 4027 1229 4089 Derrnontia
1260 4026 1356 4105 filiurn
1391 4024 1463 4104 (nine

338 4130 421 4191 Aeoli
446 4138 478 4191 nt
501 4131 558 4191 olii
577 4138 679 4211 poetae
701 4130 819 4207 dicunt)
843 4129 1081 4206 formociecirnonc
1108 4128 1266 4209 Neptunus
1285 4125 1461 4206 compressit,

337 4253 451 4313 ecquo
471 4232 637 4312 procrearit
653 4231 738 4314 filios
761 4232 841 4292 duos.
866 4232 944 4311 qnod
964 4253 1028 4291 enin
1053 4231 1223 4290 Desmontes
1246 4229 1377 4290 rescisset
1397 4225 1461 4287 Me·

337 4331 474 4413 lonippen
506 4332 669 4394 occaecavit
700 4338 729 4393 et
761 4330 792 4391 in
816 4331 993 4392 retenimento
1015 4330 1167 4406 conclusit,
1190 4329 1265 4392 cet.''
1288 4326 1335 4391 De
1361 4376 1381 4405 „
1397 4322 1459 4392 dle·

333 4432 452 4513 lonippc
487 4433 652 4495 Hermontic
678 4429 766 4512 filio''
794 4454 811 4492 e
842 4430 1056 4507 „hlstnninrn
1093 4429 1262 4506 bernoini?
1296 4435 1365 4492 orto
1397 4427 1460 4493 vid.
