3592 5484
799 687 1031 738 nemausenses.
1434 675 1453 741 3

393 860 524 948 Saepius
546 860 603 925 hos
625 881 731 924 versus
755 866 787 923 et
809 866 907 924 totam
925 860 1006 925 haue
1025 861 1199 927 comoediae
1219 870 1340 949 partem
1358 864 1475 949 legens,

348 975 433 1040 haesi
456 983 489 1040 et
508 973 547 1039 ob
566 974 643 1038 alias
661 995 769 1038 causas
788 981 821 1038 et
839 973 878 1039 ob
898 976 1088 1040 mentionem
1109 997 1189 1060 quae
1207 976 1244 1040 fit
1262 981 1314 1042 τοῦ
1332 975 1476 1053 ἐπιξήνου.

349 1089 504 1167 Truncus,
528 1087 615 1172 quali
638 1086 715 1151 lanii
739 1093 885 1166 utuntur,
910 1089 942 1152 in
966 1112 1088 1154 scenam
1112 1090 1240 1155 affertur
1262 1115 1307 1156 νε.
1329 1093 1403 1173 366,
1424 1090 1479 1157 Di·

349 1203 503 1289 eaeopolis
524 1209 627 1288 eaput*
643 1201 778 1287 imponit
801 1208 833 1265 et
854 1202 898 1265 sie
917 1203 1131 1268 Acharneuses
1150 1204 1323 1288 alloquitur
1341 1228 1385 1271 νε.
1406 1207 1471 1270 480

349 1340 416 1401 sqq.
437 1314 528 1396 Quae
546 1315 649 1380 omnia
670 1313 790 1397 insulse
807 1315 913 1400 potius
926 1325 958 1380 et
967 1325 1021 1391 τῆς
1033 1323 1172 1398 Φορτικῆς
1183 1319 1340 1399 κωμῳδίας
1352 1318 1476 1406 propria

351 1452 444 1516 quam
466 1431 566 1494 facete
585 1428 659 1494 ficta
678 1428 754 1492 mihi
768 1427 959 1494 uidebantur
978 1430 1076 1494 donee
1095 1430 1191 1495 incidi
1210 1431 1243 1495 in
1263 1431 1475 1524 [pigmentum

350 1543 685 1640 QPJQQPTTS„
704 1545 778 1629 706,
801 1542 885 1627 quod
907 1566 992 1608 nuno
1016 1544 1105 1608 video
1129 1545 1190 1609 iam
1214 1568 1232 1608 a
1255 1544 1417 1611 Taeubero
1441 1553 1474 1611 et

350 1658 521 1724 Ribbeekio
545 1658 697 1724 collatum
722 1678 798 1734 esse,

540 1770 749 1850 Ἀγάμεμνον,
774 1770 833 1836 οὐδ’
863 1772 886 1835 εἷ
909 1771 1032 1836 πέλεκυν
1055 1774 1084 1838 ἕν
1106 1780 1204 1854 χεροῖν
1227 1771 1305 1854 ἔχων

543 1884 648 1963 μέλλοι
670 1908 715 1957 τις
737 1884 776 1957 εἷς
800 1884 950 1964 τράχηλον
973 1885 1119 1964 ἐμβαλεῖν
1141 1887 1222 1964 ἐμὸν,

542 1998 704 2077 σιγήσομαι
728 1997 827 2062 διίιαιιὶ
850 1998 881 2075 γ’
905 1999 1048 2063 ἀντειπεῖν
1072 1996 1159 2079 ἔχων.

397 2111 487 2193 Quae
512 2111 605 2176 verba
628 2117 712 2189 sunt,
736 2115 774 2174 ut
793 2109 927 2191 videtur,
947 2111 1045 2196 ipsius
1066 2111 1194 2198 Telephi
1215 2135 1316 2196 quem·
1328 2115 1479 2200 impedire

351 2228 464 2294 volunt
494 2226 607 2292 Greeei
637 2225 806 2310 quominus
833 2223 925 2292 verba
955 2226 1056 2290 iaciat.
1087 2225 1160 2290 Huc
1188 2228 1294 2292 trunci
1317 2228 1481 2293 inventum

352 2351 489 2427 spectare
514 2338 681 2406 verisimile
701 2347 757 2419 est,
778 2362 849 2403 cum
869 2341 1046 2425 saepissime
1061 2341 1094 2404 in
1107 2340 1479 2408 Acharnensibusdrama

351 2455 509 2541 Telephus
542 2454 773 2541 perstringatur
807 2462 839 2518 et
869 2453 1010 2538 inprimis
1042 2477 1113 2519 eum
1144 2452 1352 2542 Dicaeopolis,
1385 2461 1481 2542 eaput

351 2577 465 2635 truneo
485 2569 651 2654 imponens
669 2575 702 2632 et
721 2569 890 2633 orationem
911 2567 1027 2633 habens
1045 2569 1169 2653 qualem
1188 2569 1301 2634 habuit
1313 2568 1479 2656 Telephus,

351 2683 491 2748 eiusdem
514 2680 647 2768 Telephi
668 2683 781 2767 pannis
804 2681 935 2745 indutus
958 2681 1063 2759 fuerit,
1087 2704 1131 2747 νε.
1152 2683 1216 2746 430
1237 2705 1304 2767 sqq.
1326 2681 1409 2748 Tieri
1428 2705 1481 2770 po

350 2803 415 2862 test
449 2803 488 2859 ut
521 2796 554 2859 in
585 2794 746 2880 Euripidis
778 2794 936 2880 tragoedia
965 2794 1103 2881 Telepho
1135 2795 1270 2861 Graecos
1299 2797 1477 2863 allocuturo

352 2910 509 2975 adstiterit
539 2908 630 2973 miles
659 2908 792 2972 securim
824 2931 920 2973 manu
950 2917 1069 2987 tenens,
1101 2917 1133 2974 et
1163 2909 1225 2974 huc
1254 2912 1412 2996 pertineat
1442 2912 1501 2996 ir.¹

352 3023 456 3107 adesp.
481 3024 545 3086 340
570 3019 613 3086 N.

577 3136 666 3209 δεινὸς
689 3135 837 3208 κολαστὴς
861 3136 985 3210 πέλεκυς
1008 3137 1134 3217 αὐχένας
1156 3138 1275 3215 τομεύς,

352 3249 406 3315 sed
429 3257 505 3314 utut
528 3257 585 3329 est,
608 3250 668 3315 nisi
694 3249 768 3329 huie
793 3250 860 3315 loeo
884 3251 1041 3335 perediam
1072 3252 1169 3316 inesse
1198 3254 1376 3333 statuimus,
1400 3253 1480 3318 nihil

353 3365 514 3430 continere
539 3363 663 3429 videtur
686 3364 771 3448 quod
795 3365 909 3428 summi
932 3366 1039 3429 comici
1062 3365 1189 3450 ingenio
1212 3366 1343 3450 dignum
1363 3367 1412 3431 sit.
1432 3365 1482 3431 De'

353 3478 492 3590 Telepho
515 3477 597 3542 infra
621 3477 713 3563 plura
736 3477 876 3544 dicemus
884 3505 892 3555 ;
918 3479 978 3541 iam
1001 3477 1039 3542 de
1063 3478 1121 3542 hoe
1145 3479 1212 3543 loco
1234 3478 1403 3544 videndum
1422 3488 1480 3545 est.

372 3591 538 3663 2Metrum
574 3590 695 3664 laborat
729 3599 762 3655 et
793 3592 939 3656 orationis
967 3615 1074 3656 nexus.
1106 3592 1285 3676 Utrumque
1316 3595 1481 3659 restituere

353 3691 485 3771 conetur
517 3704 677 3769 Hamalrer
707 3704 838 3769 delendo
870 3728 928 3769 νεε.
960 3708 1024 3769 310
1056 3712 1088 3768 et
1119 3709 1193 3770 318.
1226 3710 1270 3770 nt
1293 3707 1352 3771 hoe
1374 3730 1481 3773 revera

353 3827 401 3882 est
430 3842 521 3884 κακον
551 3820 634 3897 κακῷ
659 3818 767 3890 ἰᾶσθαι.
792 3840 862 3882 nam
889 3841 963 3881 vsm.
990 3821 1053 3882 313
1077 3819 1249 3904 respiciunt
1274 3819 1480 3905 Dicaeopolis,

354 3955 397 3996 νε.
419 3933 483 3995 355
504 3939 537 3995 et
557 3931 681 4010 chorus,
703 3953 745 3994 νε.
768 3933 842 4011 364,
863 3940 895 3994 et
912 3932 971 3996 nisi
992 3932 1094 4012 fallor,
1115 3935 1155 4011 τῷ
1174 3929 1298 4012 inediae
1317 3932 1482 4018 respondet

353 4045 483 4110 verbum
505 4041 695 4118 καταξαίνειν
720 4068 763 4108 νε.
789 4046 863 4109 330.

397 4158 504 4223 Aliam
524 4158 748 4241 quaesiverunt
765 4157 917 4222 medelam
937 4158 990 4242 qui
1012 4158 1141 4224 verbum
1160 4157 1297 4240 κεφαλὴν
1317 4159 1482 4225 emendare

354 4272 456 4336 consti
476 4277 563 4352 sunt,
584 4292 720 4356 quorum
740 4273 838 4336 varies
859 4272 1061 4351 coniecturas,
1083 4272 1321 4356 quatuordeeim
1339 4294 1482 4354 nurnero,

353 4383 488 4469 legimus
506 4385 541 4449 in
560 4383 699 4449 editione
719 4383 878 4449 Muelleri.
897 4383 1007 4448 Edidit
1026 4384 1162 4449 Dindorl
1178 4387 1226 4449 τὸν
1245 4384 1393 4466 μέμηνε
1415 4385 1484 4451 aliis

290 4578 297 4587 ,
352 4500 490 4580 κεφαλὰν
519 4500 834 4585 interpretamentum
865 4499 966 4562 visum
996 4506 1052 4577 est,
1084 4507 1121 4563 ut
1151 4497 1296 4583 Bergkio,
1320 4499 1376 4582 qui
1398 4500 1480 4574 τήνδ’
