3592 5484
368 637 430 698 152
853 654 970 698 aaran.

342 823 459 901 ἄμεινον
492 823 509 896 ἦ
541 826 594 904 πρὸ
625 829 676 888 τοῦ
707 825 876 907 detorquet
907 823 1035 908 perinde
1068 822 1158 905 quasi
1187 822 1220 885 in
1243 822 1414 906 tragoediis
1437 822 1476 888 de

344 939 455 1002 catinis
479 947 511 1001 et
530 939 569 1002 de
592 938 669 1001 allio
689 939 814 1023 egisset.

388 1053 552 1116 Permulta
585 1054 646 1116 iam
679 1052 717 1115 de
741 1052 847 1116 indole
871 1074 998 1137 poeseos
1021 1050 1209 1136 Euripideae
1232 1074 1251 1113 a
1273 1051 1348 1114 viris
1371 1051 1473 1116 doctis

342 1165 465 1251 prolata
495 1175 581 1239 sunt,
614 1166 652 1230 cf.
686 1165 881 1250 Bernhardy,
913 1166 968 1230 Gr.
1000 1165 1047 1229 lit.
1073 1163 1109 1228 Π
1131 1187 1161 1250 p.
1187 1165 1251 1227 388
1276 1187 1342 1249 sqq.
1367 1163 1476 1230 Unum

343 1303 415 1344 vero
444 1281 558 1346 addere
587 1281 696 1346 liceat:
721 1280 964 1366 Aristophanem
991 1279 1137 1344 hocloco
1159 1278 1197 1342 de
1220 1277 1325 1344 indole
1349 1303 1476 1366 poeseos

343 1393 533 1480 Euripideae
569 1403 602 1458 et
633 1397 672 1460 de
703 1394 865 1480 tragoedia
897 1396 928 1458 in
962 1395 1107 1459 universo
1137 1416 1309 1479 perperam,
1333 1380 1371 1459 nt
1394 1395 1470 1458 mihi

342 1507 477 1586 videtur,
501 1510 667 1574 iudicasse.

386 1623 585 1687 Assentimur
620 1625 649 1688 ei
679 1623 837 1707 tragicum
872 1623 1065 1708 vituperanti
1097 1622 1152 1706 qui
1183 1622 1291 1686 heroes
1323 1644 1475 1706 regesque

343 1735 528 1801 disserentes
562 1737 639 1801 facit
674 1738 712 1801 de
744 1737 870 1823 placitis
900 1737 1120 1823 philosophicis
1155 1744 1187 1800 et
1211 1736 1249 1800 de
1273 1734 1367 1801 rebus
1391 1738 1475 1802 vitae

342 1851 540 1929 domesticae,
564 1853 618 1916 sed
642 1852 705 1915 alia
728 1875 785 1916 nos
808 1859 913 1916 movet
937 1873 1039 1928 causa,
1063 1850 1123 1915 alia
1149 1851 1401 1937 Aristophanem.

384 1967 449 2029 Noa
479 1965 609 2030 offendit
639 1966 838 2052 Euripidem,
862 1965 1070 2029 ratiocinandi
1094 1963 1200 2029 studio
1223 1963 1366 2042 ductum,
1391 1964 1475 2028 thea-

343 2087 428 2143 trum
459 2087 581 2144 muture
612 2080 645 2143 in
677 2080 817 2144 scholam
847 2079 1093 2166 philosophicam
1125 2085 1157 2143 et
1186 2087 1250 2142 tam
1273 2101 1384 2165 parum
1408 2102 1476 2165 per·

342 2215 487 2257 sonarum
518 2193 571 2266 ›ll-4
604 2217 713 2259 curare
745 2204 791 2273 ut,
822 2196 848 2258 si
879 2192 1023 2258 Medeam
1054 2202 1086 2257 et
1110 2192 1300 2258 Alcestidem
1327 2195 1473 2279 excipias,

343 2330 514 2394 perpaucae
550 2308 582 2371 in
618 2310 686 2373 eius
721 2307 835 2372 fabulis
870 2308 1077 2394 reperiantur,
1113 2328 1192 2390 quae
1222 2330 1330 2371 revera
1354 2309 1474 2371 animos

342 2429 464 2485 nostros
495 2429 658 2500 moveant;
691 2424 918 2505 Aristophanem
948 2444 1030 2498 vero,
1058 2419 1241 2506 Euripidem
1272 2421 1329 2484 hac
1360 2420 1472 2506 agendi

343 2536 461 2600 rat-ione
487 2536 525 2600 de
548 2537 729 2620 tragoediae
753 2537 916 2600 maiestate
940 2533 1061 2618 aliquid
1083 2533 1255 2599 detrahere.

387 2651 480 2713 ll'odis
502 2649 648 2735 displicet
668 2673 756 2735 reges
779 2658 811 2714 et
836 2650 944 2713 heroes
967 2650 1000 2712 in
1022 2671 1145 2712 scenam
1169 2648 1293 2733 prodire
1318 2657 1356 2713 nt
1378 2649 1471 2713 ratio·

342 2765 486 2827 cineutur
519 2773 551 2828 et
581 2765 746 2850 disputent
753 2791 763 2842 ;
796 2765 990 2846 Aristophani
1021 2785 1103 2839 vero,
1137 2763 1259 2827 eosdem
1291 2763 1325 2827 in
1348 2785 1472 2828 scenam

340 2878 464 2963 prodire
488 2886 525 2941 ut
547 2879 712 2963 disputent
735 2878 774 2943 de
796 2876 890 2941 rebus
914 2877 1018 2941 minus
1042 2875 1241 2941 sublimibus.

387 2990 487 3056 Nobis
511 2991 549 3055 oh
570 2992 700 3057 eandem
721 3014 815 3076 qnam
840 2992 977 3055 diximus
996 3013 1118 3055 <ausam
1131 3014 1195 3055 non
1209 3014 1396 3077 magnopere
1408 2991 1472 3077 pla-

342 3103 460 3169 cebunt
487 3106 719 3190 disputationes
752 3104 923 3182 Minervae,
957 3104 1113 3189 Apollinis
1136 3114 1169 3169 et
1192 3105 1279 3170 chori
1303 3104 1471 3170 Furiarum

340 3219 373 3282 in
405 3219 551 3303 Aeschyli
583 3218 823 3298 Eumenidibns,
854 3218 965 3283 Teucri
988 3225 1020 3281 et
1043 3218 1226 3282 Atridarum
1251 3219 1284 3283 in
1308 3218 1472 3304 Sophoclis

340 3332 445 3395 Aiace.
479 3333 707 3418 Aristophanes
738 3355 812 3396 vero
836 3332 892 3395 has
915 3354 977 3395 non
1002 3331 1093 3395 modo
1117 3354 1180 3395 non
1203 3331 1312 3416 tetigit
1334 3330 1388 3395 sed
1411 3332 1471 3397 nisi

339 3448 442 3509 omnia
477 3470 526 3510 me
562 3447 689 3524 fallunt,
720 3448 746 3510 si
778 3446 934 3510 sententia
965 3445 1090 3509 ferenda
1118 3445 1240 3523 luisset,
1264 3446 1393 3510 minime
1416 3446 1473 3510 im·

340 3558 510 3644 probasset.

383 3674 541 3737 Audimus
574 3674 713 3757 deniqne
750 3674 990 3760 Aristophanem
1026 3682 1058 3737 et
1090 3696 1162 3737 cum
1193 3697 1229 3737 eo
1260 3675 1392 3739 facimus
1415 3673 1471 3739 uhi
1504 3737 1509 3746 ,

339 3789 492 3869 significat
516 3810 587 3851 vera
611 3790 688 3852 artis
711 3789 900 3852 dramaticae
925 3789 974 3850 via
995 3787 1059 3851 labi
1078 3790 1231 3872 tragicum
1252 3790 1307 3872 qui
1327 3788 1386 3852 sihi
1404 3812 1473 3874 pro

340 3912 436 3988 ponat
459 3902 601 3966 homines
623 3904 668 3966 ita
691 3903 814 3967 afficere
838 3912 876 3966 ut
899 3902 1021 3966 discant
1044 3902 1100 3974 τὶς
1123 3904 1213 3974 οἰκίαις
1237 3904 1323 3967 οἰκεῖν
1341 3901 1471 3981 ἄμεινον,

338 4039 446 4081 verum
478 4039 541 4081 non
574 4039 646 4081 cum
679 4040 716 4081 eo
748 4025 872 4102 poetam
896 4016 1062 4080 laudamus
1085 4018 1139 4099 qui
1163 4040 1195 4080 se
1219 4038 1341 4081 summa
1364 4025 1471 4102 petere

338 4138 463 4195 censeat
488 4131 513 4194 si
546 4154 584 4195 eo
612 4131 722 4195 tendat
746 4138 783 4194 ut
807 4130 888 4195 cives
911 4131 1054 4194 fortiores
1078 4129 1198 4206 reddat,
1221 4153 1265 4193 vs.
1293 4133 1378 4193 1003
1403 4152 1470 4214 sqq.

384 4242 488 4307 Habet
512 4247 640 4309 omnino
664 4268 733 4310 earn
756 4246 817 4308 sim
843 4245 974 4330 pulchra
994 4244 1154 4328 tragoedia
1175 4253 1269 4328 atque
1282 4266 1372 4308 omne
1384 4244 1469 4328 quod

332 4358 501 4441 pulchrum
533 4367 590 4438 est,
615 4370 653 4422 ut
677 4382 786 4423 eorum
810 4360 865 4444 qui
890 4357 1017 4422 videant
1040 4367 1096 4423 aut
1117 4358 1249 4422 audiant
1273 4358 1467 4422 humanitati

335 4472 458 4550 serviat,
483 4495 577 4537 omne
600 4475 686 4558 quod
710 4475 773 4538 vile
796 4483 844 4538 est
866 4497 902 4538 ac
925 4472 1085 4539 sordidum
1108 4475 1282 4559 impugnet,
1303 4473 1467 4537 hommum
