3592 5484
369 684 436 746 164
493 700 495 705 ·
855 699 972 744 muas.

346 866 425 943 chio,
461 865 498 929 11.
539 868 603 928 236
634 862 677 929 N.
715 866 776 930 237
809 863 860 943 D.,
892 872 925 928 et
955 863 1057 929 Schol.
1091 864 1170 929 Ach.
1204 866 1268 928 332
1293 862 1348 928 nbi
1371 874 1476 931 tamen

348 977 495 1062 Aeschyli
521 1001 634 1043 nomen
655 1002 719 1043 non
738 981 911 1063 genuinum
932 987 989 1044 est.
1009 979 1236 1065 Fragmentum
1258 981 1321 1044 235
1343 979 1398 1060 Ν.,
1412 984 1476 1046 236

348 1091 387 1155 D.
412 1101 522 1157 utrum
546 1092 623 1157 huic
645 1092 776 1158 dramati
801 1116 841 1157 an
866 1093 964 1179 Mysis
981 1092 1186 1158 tribuendum
1206 1094 1248 1158 sit
1266 1093 1345 1158 effici
1356 1095 1477 1178 nequit

347 1317 401 1383 Vs.
429 1311 534 1382 1273.
572 1320 754 1399 Εὐφιιμεῖσε
769 1319 973 1396 μελισσονόμοι
984 1320 1074 1395 δόμον
1085 1319 1260 1399 ’Λρτέμιδος
1271 1318 1369 1400 πέλοις
1379 1318 1476 1398 οίγειν.

393 1431 495 1497 Schol.
526 1433 564 1496 R.
590 1440 622 1496 31
646 1431 686 1497 V.
710 1434 743 1496 εἰι
766 1437 822 1496 τῶν
846 1433 960 1513 Ἰερειῶν
984 1433 1149 1513 Αἰσχύλον.
1173 1432 1346 1517 Tragoedia
1369 1433 1477 1515 ῩΙὲρειιιι

345 1547 439 1631 quale
469 1554 692 1631 argumentum
725 1545 872 1610 habuerit
894 1569 993 1630 aeque
1015 1548 1160 1632 ignotum
1184 1555 1241 1611 est.
1267 1546 1419 1632 Mysteria
1442 1548 1476 1612 in

142 1629 146 1635 ⁵
268 1633 270 1638 .
344 1684 380 1725 ea
404 1662 544 1747 tetigisse
568 1660 761 1746 Aeschylum
785 1667 891 1723 narrat
913 1660 1103 1724 Eustathius
1125 1683 1174 1745 ap.
1196 1659 1238 1724 N.
1260 1668 1293 1724 et
1311 1659 1350 1725 D.
1369 1661 1407 1725 fr.
1422 1663 1474 1725 83.

390 1776 605 1853 Μελισσονίμοι
635 1783 710 1839 311111
740 1774 922 1839 sacerdotes.
946 1774 1035 1839 Num
1058 1798 1131 1839 vero
1154 1796 1268 1838 nomen
1293 1774 1476 1852 με’λισσοιιιι

345 1888 487 1966 με’λεσίσιι
522 1889 571 1953 vel
599 1913 617 1952 a
648 1890 806 1966 μειλίσσειν
837 1886 983 1971 (Lobeck,
1007 1898 1040 1953 31
1062 1887 1151 1952 Koch
1175 1911 1203 1951 a.
1228 1888 1258 1951 h.
1283 1888 1317 1971 1.)
1341 1887 1474 1953 derivari

345 2001 453 2087 possit,
477 2001 600 2066 dubito.
624 2002 739 2087 Pythia
762 2025 811 2087 ap.
837 2000 928 2065 Pind.
952 2001 1043 2087 Pnh.
1068 2000 1117 2066 IV
1142 2005 1183 2065 60
1204 2002 1336 2079 μέλισσιι
1356 2004 1474 2085 Δελφίς

253 2107 255 2111 ’
344 2124 484 2179 vocatur.
521 2114 712 2201 Porphyrius
746 2114 784 2179 de
817 2124 908 2179 antro
937 2115 1077 2201 Nymph.
1110 2138 1159 2200 ap.
1184 2114 1316 2180 Fritsch.
1342 2140 1370 2179 a.
1397 2116 1472 2181 11.1.

345 2230 475 2301 Σελήνην
507 2253 540 2292 τε
570 2224 657 2292 οὖσιν
685 2229 824 2307 γενέσεως
847 2227 1037 2309 accessistis,
1063 2228 1220 2293 Μέλισσαν
1244 2230 1376 2294 ἐκάλουν.
1402 2230 1474 2295 Una

345 2364 416 2406 cum
440 2341 611 2407 Curetibus
634 2350 846 2407 memorantur
864 2343 1031 2429 Nymphae
1051 2344 1158 2415 πκῖδες
1178 2344 1352 2416 Μελισσέως
1365 2344 1470 2431 Apoll.

345 2455 362 2518 Ι
387 2458 415 2534 1,
442 2460 470 2519 6.
497 2456 638 2521 l'erbum
662 2465 741 2522 Μελ.
766 2458 895 2521 fortasse
919 2455 1084 2522 barbarum
1108 2465 1165 2534 est,
1190 2457 1363 2536 111οιίλινον,
1386 2459 1469 2542 quod

343 2594 361 2634 e
385 2569 472 2655 Syria
496 2573 663 2637 oriundum
689 2596 753 2636 esse
777 2571 910 2651 videtur,
935 2570 1120 2655 similiaque.
1146 2569 1319 2634 Scholiasta
1338 2586 1471 2636 πολισσο-

343 2685 423 2761 νίμοι
446 2685 558 2769 legisse
583 2686 716 2749 videtur.

342 2908 397 2972 Vs.
424 2901 530 2972 1276.
566 2908 657 2988 κύριός
679 2909 740 2985 είμι
763 2909 848 2987 ίροεῖν
871 2905 947 2971 ὅδιον
969 2906 1074 2986 κρίτος
1097 2905 1189 2970 οιίσιον
1211 2906 1330 2987 ἀνδρῶν.

343 3021 455 3085 Aesch.
484 3024 540 3107 Ag.
568 3023 641 3085 104.

270 3285 273 3291 ·
343 3248 397 3313 Vs.
425 3240 518 3310 1285
543 3270 610 3334 sqq.
636 3245 713 3318 ἔπισς
737 3248 873 3326 Ἀχαιῶν
896 3246 1012 3325 δίίρονον
1034 3244 1149 3325 κρίτος,
1175 3245 1324 3316 Ἑλλάδος
1348 3243 1438 3322 ι’ἱβιις,

631 3361 762 3439 miras
785 3360 963 3436 δυσομεριῖιν
987 3357 1126 3437 πρότονον
1149 3358 1223 3420 κύνοι
1245 3357 1358 3434 πέμπει

631 3469 682 3545 ξὺν
705 3471 763 3551 δορὶ
788 3471 839 3534 xxi
863 3471 931 3551 χερὶ
955 3470 1092 3550 σριίκσορι
1115 3471 1217 3551 ίοιίριος
1239 3471 1310 3551 ίρνις

630 3595 723 3665 κυρεῖν
746 3587 913 3665 παρασχὼν
936 3585 1065 3661 ίτοιμιιῖς
1088 3583 1174 3648 κυσίν
1196 3585 1374 3665 ἀεροφοίτοις

627 3702 660 3764 τὸ
682 3699 836 3776 συγκλινές
856 3699 884 3762 τ’
910 3698 957 3762 ἐπ’
986 3696 1103 3764 Αίιινσι.

382 3813 592 3877 festivissime
617 3812 699 3877 ridet
719 3813 945 3898 Aristophanes
966 3819 1140 3876 contortam
1160 3833 1251 3896 saepe
1271 3819 1303 3874 et
1315 3811 1409 3875 nimis
1420 3835 1464 3876 ar·

332 3929 496 3993 tificiosam
516 3927 649 4012 ideoque
669 3928 832 3992 obscuram
853 3929 1024 3991 orationem
1047 3924 1194 4009 Aeschyli
1209 3926 1363 4008 (quamvis
1375 3925 1463 3990 allati

335 4065 372 4106 ex
402 4043 463 4127 Ag.
489 4065 597 4106 versus
620 4043 694 4105 satis
717 4042 873 4127 perspicui
896 4041 985 4123 sint),
1009 4040 1077 4103 eius
1101 4036 1195 4101 rerba
1219 4038 1410 4121 detorquens
1434 4045 1467 4102 et

331 4155 480 4219 dissectas
508 4163 614 4241 partes
646 4156 792 4220 carminis
822 4153 969 4219 disiciens
992 4152 1125 4235 aliisque
1147 4152 1338 4237 permiscens
1360 4152 1405 4215 ita
1428 4158 1465 4214 nt

335 4270 436 4333 omnis
462 4292 539 4334 sana
558 4278 721 4335 evanescat
739 4269 894 4334 sententia
911 4275 943 4332 et
961 4266 1043 4332 nihil
1060 4266 1119 4330 nisi
1131 4265 1361 4350 sesquipedalia
1373 4261 1465 4328 verba

332 4381 568 4466 relinquantur.
603 4384 693 4464 Quae
722 4392 827 4447 tamen
849 4383 982 4468 speciem
1007 4380 1176 4465 quamdam
1201 4386 1297 4462 atque
1322 4376 1464 4442 umbram

332 4500 506 4562 sententiae
535 4497 681 4579 habeant,
709 4499 755 4564 ita
780 4507 818 4564 nt
847 4506 880 4563 et
908 4503 1101 4584 postremum
1123 4496 1158 4559 σὸ
1180 4492 1337 4572 σνρκλσνὲς
1362 4492 1391 4557 τ’
1415 4492 1464 4558 ἐπ’
