3592 5484
844 596 970 641 auseae.
1405 584 1447 644 55

354 765 499 829 tilaverit.
525 765 613 848 Quae
637 775 739 831 taruen
762 775 798 831 nt
822 791 837 830 e
862 766 987 832 latebris
1010 769 1041 833 in
1065 769 1165 833 lucam
1192 772 1389 855 proferantur
1410 770 1472 856 ple·

350 901 482 964 rumque
507 880 572 944 fieri
596 882 708 965 nequit
731 883 790 947 nisi
816 884 924 948 sedulo
948 907 1004 948 nos
1026 883 1133 948 {iaceat
1157 884 1330 950 scholiasta.

391 992 542 1080 Excinplo
562 997 603 1059 sit
626 1018 748 1061 carruen
772 996 969 1077 Mnesilochi,
993 999 1115 1064 Thesm.
1144 1002 1226 1064 1015
1252 1024 1329 1085 sqq,
1352 999 1471 1064 Andro

347 1108 453 1174 medae
478 1120 579 1195 partes
603 1112 732 1194 aperitis.
759 1112 851 1198 Apud
877 1112 1057 1201 Euripidem
1083 1117 1226 1199 queritur
1249 1113 1464 1180 Andromeda:

724 1227 813 1307 <aian
835 1229 974 1308 παρθένοι,
998 1231 1085 1309 φίλοιο
1109 1255 1157 1306 μοι
1170 1280 1267 1298 .....

349 1339 509 1421 sequentia
533 1339 699 1423 detorquet
723 1341 945 1427 Aristophanes
968 1343 998 1406 in

721 1460 783 1526 πῶς
805 1454 842 1519 ἂν
866 1456 1021 1532 ἀπέλθοιμι
1045 1457 1096 1522 nai

723 1571 771 1635 rie
793 1571 907 1644 Σκύθην
930 1572 1064 1650 >isidorum

390 1682 474 1746 Echo
497 1692 564 1747 orat
589 1684 786 1750 Andromeda
811 1694 849 1749 ut
872 1692 974 1751 tacere
1000 1686 1092 1752 vehit:

723 1801 873 1882 προοοιοδῶ
898 1802 931 1865 οὲ
955 1802 1011 1866 πρὶν
1035 1804 1063 1866 ἑν
1086 1800 1195 1883 ἄντροις

722 1916 895 1981 οὶπέποιυοον
919 1914 1002 1981 ἔνοον
1025 1919 1064 1982 'A

718 2039 834 2112 χοῖρε
858 2032 909 2096 σὺν
935 2034 1067 2113 olearon

719 2147 787 2225 νόου
810 2147 893 2212 πόθον
918 2148 1036 2225 λαβεῖν.

388 2259 603 2324 Mnesilochus
626 2261 724 2347 petit:

871 2379 956 2442 ἔκοον
980 2380 1016 2450 ὡς

715 2492 768 2565 τὴν
793 2492 919 2570 γννοοῖκοὶ
944 2494 977 2571 μ’
1003 2495 1103 2559 ἐλθεῖν.

386 2605 583 2670 Andromeda
615 2608 723 2691 iugens
753 2608 784 2672 iu
816 2630 878 2692 quo
907 2618 1046 2672 versatur
1076 2608 1251 2694 periculum
1276 2628 1464 2692 ‹zoroponens

340 2741 409 2783 oum
436 2720 514 2784 laeta
540 2743 632 2804 quam
658 2720 784 2806 degerat
807 2723 871 2787 vita
894 2722 1100 2787 lamentatur:

712 2837 776 2918 ὁρᾷς
800 2836 861 2916 ἔμ’·
884 2839 916 2902 οὐ
940 2838 1064 2918 χοροοσον
1088 2839 1147 2902 nei.

381 2949 602 3030 Mnesilochus,
627 2973 791 3036 germanus
811 2953 885 3017 civis
908 2952 1117 3030 Atheniensis,
1139 2975 1248 3017 urnam
1269 2950 1462 3016 iudiciariam

336 3066 366 3129 iu
392 3064 510 3128 deliciis
538 3064 631 3128 hahet
654 3073 686 3129 ot
710 3068 790 3146 ποοροὶ
813 3066 983 3147 προσδοκίαν
1006 3066 1109 3131 addit:

713 3183 825 3259 κημὸν.
840 3231 847 3245 .
863 3231 892 3246 ..
917 3180 1016 3255 ἕστηκ’
1046 3181 1156 3261 ἔχοοο“.

380 3293 477 3359 Plura
502 3295 609 3359 afferre
632 3295 772 3380 exempla
796 3296 872 3361 nihii
897 3299 1019 3362 attinet.
1046 3295 1163 3361 herum
1187 3297 1211 3361 si
1230 3318 1351 3360 scenam
1370 3293 1463 3357 Thes-

335 3410 639 3494 mopiroriazusarum
672 3432 743 3474 cum
774 3409 980 3475 Philocleonis
1012 3411 1148 3475 carmine
1180 3431 1403 3496 comparamus,
1427 3408 1460 3472 in

338 3533 464 3611 promtu
490 3532 536 3589 est
559 3526 708 3612 suspicari
732 3525 789 3590 hoc
813 3549 937 3611 quoquo
962 3550 979 3590 c
1003 3524 1142 3591 versibus
1166 3525 1275 3611 tragici
1296 3523 1458 3589 cuiusdam

332 3647 364 3703 et
396 3639 614 3725 Aristophanis
637 3648 820 3705 contextum
845 3664 919 3705 esse.
945 3645 1095 3705 Attamen
1120 3662 1199 3724 quae
1223 3637 1384 3723 tragoedia
1408 3637 1458 3701 de·

332 3752 460 3817 bearnus
483 3775 546 3817 non
572 3754 629 3818 nisi
655 3752 839 3819 adumbrare
859 3778 1032 3840 possumus.
1058 3753 1173 3819 Versus
1198 3756 1259 3818 317
1285 3775 1351 3836 sqq.
1377 3752 1458 3833 Φίλον

332 3869 460 3944 τήκομαι
485 3870 540 3945 μὲν
564 3869 624 3932 xri.
651 3876 683 3932 et
706 3871 769 3933 319
794 3892 859 3953 sqq.
884 3875 1027 3949 πνροῖνμοον
1051 3870 1077 3933 δ’
1103 3869 1163 3933 nri.
1189 3869 1280 3932 initio
1300 3890 1407 3952 graves
1428 3873 1459 3930 ct

332 3982 437 4046 tristes
478 3981 530 4045 sed
561 4005 632 4046 mox
663 3984 695 4046 in
726 3984 828 4048 iocum
860 3983 1047 4061 desinentes,
1080 3991 1185 4048 utrum
1219 3981 1457 4062 ποοροοπροιρῳδῶν

330 4118 370 4160 an
402 4097 538 4175 παρῳδῶν
571 4097 728 4181 scripserit
758 4101 811 4163 Ar.
844 4098 1008 4162 decernere
1032 4121 1094 4162 non
1120 4099 1229 4162 ausim.
1255 4094 1457 4180 Tragoediam

331 4210 378 4276 vel
411 4209 585 4294 tragoedias
615 4220 724 4296 poetae
755 4213 858 4276 animo
889 4212 1063 4278 obversatas
1096 4235 1162 4277 csse
1185 4212 1346 4294 aliquanto
1370 4209 1459 4273 lucu·

330 4325 446 4390 lentius
476 4325 512 4387 fit
545 4346 602 4389 vss.
628 4327 691 4388 323
716 4348 782 4411 sqq.
806 4326 865 4390 Ter
889 4325 1067 4391 Philocleon
1088 4325 1259 4410 magnificis
1283 4323 1387 4388 verbis
1410 4321 1458 4386 Ιο-

330 4464 397 4504 vem
422 4438 576 4524 implorat,
601 4447 649 4502 ter
673 4440 794 4505 abiecto
818 4440 969 4505 cothurno
989 4463 1095 4506 soccus
1119 4439 1272 4504 induitur.
