3592 5484
840 567 957 613 aunan.
1376 549 1438 613 177

330 757 399 800 mae
422 741 524 814 notae,
548 741 581 798 at
602 733 741 797 eiusdem
764 731 884 796 farinae
907 740 955 797 est
977 732 1066 798 lusus
1089 732 1214 798 Thesm.
1240 736 1343 798 1215:
1366 739 1452 816 ὀρτῶς

331 850 413 928 tta
436 849 541 927 συβίνη
565 847 633 910 'orl
656 845 835 922 κκταβινῆσι
859 845 930 925 γάρ.

380 962 470 1028 Adde
493 962 622 1025 tertium
646 959 750 1022 locum
774 958 917 1044 Aleiphr.
941 957 996 1021 111
1019 963 1039 1022 4
1062 960 1272 1036 Πκλκμήδειον
1293 960 1460 1040 βούλευμα.

337 1184 391 1250 l's.
418 1176 524 1246 1443.
559 1179 630 1247 ὅταν
652 1182 693 1245 τὰ
714 1186 762 1244 νῦν
787 1179 904 1246 ἄπιστοι
929 1182 1007 1246 πίσθ’
1033 1183 1184 1261 ἡγώμεθα,

562 1296 602 1359 τὲ
625 1296 651 1359 δ’
676 1293 746 1359 ὄντα
768 1296 849 1359 πίστ’
872 1295 997 1360 ἄπιστα.

382 1414 468 1475 llaec
493 1409 593 1488 verba,
619 1409 735 1494 quibus
764 1409 929 1494 respondet
948 1409 1115 1496 Euripides
1135 1410 1265 1496 Dionysi
1286 1414 1463 1495 quaestioni

340 1527 437 1603 1135,
462 1547 524 1588 non
549 1524 654 1588 miuus
679 1545 771 1606 quam
799 1524 882 1586 1427
909 1545 975 1607 sqq.
1000 1525 1066 1609 ipsa
1089 1525 1266 1609 tragoediae
1291 1525 1382 1589 verba
1402 1551 1466 1592 esse

338 1637 491 1702 existimo.
515 1636 588 1701 Non
612 1636 695 1700 enim
718 1637 870 1699 intererat
893 1635 968 1720 quid
991 1646 1101 1721 poetae
1124 1638 1156 1700 in
1180 1637 1289 1703 inieris
1313 1638 1461 1723 degentes

339 1758 511 1828 censerent,
535 1750 588 1814 sed
614 1749 688 1834 quid
714 1757 807 1813 antea
831 1750 864 1812 iu
889 1748 1059 1834 tragoediis
1081 1750 1271 1816 docuissent.
1296 1750 1410 1837 Neque
1435 1754 1467 1818 hi

342 1888 448 1930 versus
472 1863 510 1928 ab
534 1863 696 1949 Euripidis
719 1863 802 1948 poesi
826 1862 921 1926 alieni
945 1869 1029 1928 sunt.
1050 1861 1122 1928 Vid.
1147 1863 1184 1926 ad
1210 1865 1290 1929 Aeh.
1316 1868 1391 1929 396.

386 1956 479 2058 Quod
522 1985 628 2040 autem
663 1976 710 2040 his
746 1975 883 2040 versibus
918 1978 1084 2061 respondet
1119 1978 1283 2042 consilium
1318 1980 1466 2066 Aeschyli

342 2093 560 2155 raca-1465
593 2090 646 2162 ria
676 2098 733 2167 γῆν
764 2091 823 2154 κτὲ.
857 2113 874 2154 a
903 2098 995 2176 poeta
1028 2091 1181 2175 Aeschylo
1206 2115 1270 2156 non
1294 2094 1468 2178 profectum

339 2211 395 2284 cst,
419 2212 457 2267 ut
479 2203 592 2268 docent
616 2204 738 2266 numeri
758 2203 882 2266 minime
901 2204 1020 2288 tragici.
1044 2203 1117 2268 Iure
1139 2204 1230 2269 Koch
1247 2209 1465 2272 lacu-1466

342 2320 431 2383 uncis
466 2318 603 2382 inclusit.
641 2317 714 2381 Nou
749 2325 853 2381 tamen
891 2319 945 2401 qui
982 2319 1099 2403 patriae
1134 2320 1369 2385 amantissimus
1404 2329 1472 2385 erat

345 2431 567 2517 Aristophanes
594 2429 695 2495 verbis
720 2433 804 2493 1159

568 2549 629 2616 πῶς
653 2538 699 2608 οὖν
723 2568 767 2616 τις
791 2543 828 2607 ἂν
850 2545 949 2607 σώσειε
973 2545 1109 2618 τοιαύτην
1133 2546 1217 2610 πόλιν

570 2654 587 2737 ᾗ
611 2660 689 2735 μήτε
711 2665 831 2736 χλκῖνκ
855 2658 932 2734 μήτε
955 2657 1056 2738 orov'px
1079 2659 1240 2740 συμφέρεις

272 2759 274 2764 1
345 2794 425 2856 qnae
448 2771 642 2856 desperantis
666 2780 741 2834 sunt
765 2793 827 2834 uon
851 2770 999 2834 salutaria
1023 2773 1191 2852 suadentis,
1215 2773 1309 2838 finem
1333 2774 1472 2860 disputa·

346 2886 425 2949 tioni
458 2885 559 2948 facere
591 2885 707 2969 potuit.
740 2883 813 2948 Sine
844 2883 940 2949 dubio
971 2884 1155 2949 exciderunt
1180 2888 1335 2952 nonnulla
1357 2887 1472 2972 quibus

352 3023 410 3064 uss.
428 3001 648 3062 lacu-1466
671 2997 836 3062 substituti
849 3006 932 3063 suut.
952 3000 984 3062 Si
997 3000 1072 3082 quid
1083 3000 1183 3078 uideo,
1198 3001 1331 3066 hocloco
1345 3003 1479 3088 Aeschy-

348 3113 416 3176 lum
448 3134 573 3196 quoque
597 3113 672 3177 fecit
694 3120 785 3196 poeta
808 3112 991 3176 suadentem
1016 3112 1135 3177 civibus
1162 3122 1198 3177 ut
1219 3118 1390 3179 sententias
1413 3126 1478 3180 stu·

348 3226 462 3310 dieque
493 3249 550 3289 sua
578 3233 738 3291 mutarent
762 3249 865 3310 neque
889 3251 921 3291 se
945 3227 1123 3292 homiuibus
1146 3227 1256 3293 darent
1278 3231 1338 3294 fide
1362 3253 1474 3316 parum

350 3342 463 3425 dignis.
495 3341 647 3404 Salutaris
679 3364 751 3405 eum
776 3341 895 3406 consilii
919 3351 1076 3405 auctorem
1099 3343 1194 3407 fuisse
1217 3352 1344 3429 apparot
1369 3369 1385 3407 e
1409 3367 1473 3408 ver·

351 3456 398 3519 bis
421 3455 567 3519 Plutonis
591 3479 633 3518 us.
661 3458 742 3518 1501
769 3478 834 3538 sqq.

464 3567 515 3632 xxi
539 3568 613 3648 σῶζε
637 3569 719 3632 πόλιν
744 3570 796 3640 τὴν
821 3571 964 3650 incripta
988 3573 1122 3648 γνώμκις
1145 3572 1274 3647 ᾰγκθκῑς
1298 3572 1358 3635 κτὲ.

394 3683 469 3747 Non
498 3682 633 3766 amplius
659 3684 741 3747 enim
769 3683 801 3746 in
825 3683 883 3747 hac
907 3693 1063 3768 postrema
1085 3684 1260 3747 comoediae
1284 3693 1371 3769 parte
1395 3686 1476 3748 iocat

313 3880 316 3887 Ι
350 3797 587 3881 Aristophanes,
619 3797 672 3860 sed
705 3798 783 3860 serio
815 3799 973 3860 theatrum
1004 3796 1141 3881 appellat
1164 3798 1337 3860 utiterum
1361 3799 1474 3861 ciuium

351 3911 511 3976 mentibus
545 3911 720 3975 inculcaret
749 3934 829 3994 quac
858 3913 918 3974 iam
944 3913 1161 3974 enuntiaverat
1184 3913 1216 3974 iu
1241 3912 1395 3996 praeclara
1422 3912 1477 3976 illa

350 4025 491 4111 parabasi
517 4048 559 4088 vs.
590 4027 651 4088 718
675 4048 741 4109 sqq.
767 4025 911 4096 πολλάκις
936 4027 966 4104 y'
991 4027 1060 4102 isaia
1084 4021 1179 4099 ἔδοξεν
1202 4026 1264 4089 κτὲ.

357 4246 407 4311 Vs.
435 4241 539 4313 1471.
576 4249 727 4326 >landaf
752 4249 897 4326 ὀμώμοκ’.

397 4361 444 4426 Cf.
469 4361 593 4427 Thesm.
619 4363 692 4426 275.
716 4361 913 4448 „Euripides
927 4410 1022 4426 .....
1046 4362 1148 4427 trihus
1172 4362 1317 4448 deinceps
1339 4361 1479 4426 versibus

1326 4475 1352 4516 n
