3592 5484
841 625 957 672 aenae.
1372 611 1432 674 147

333 910 405 992 (ianr
436 916 509 974 ante
537 909 659 974 dixerat
686 909 788 990 δρόμοι
811 911 988 997 Εὐριπίδου)
1014 910 1225 991 exforium
1250 913 1399 992 ’Προκλῆς
1423 916 1451 978 ἐν

331 1021 435 1090 'uitro
466 1025 613 1089 κνισελόὲον
642 1025 723 1090 κοτὲ
754 1025 883 1090 κέλευσον
915 1024 1079 1105 Εὑρνσόένς
1110 1025 1163 1090 xxi
1188 1026 1242 1091 ὑπὸ
1265 1033 1316 1091 τοῦ
1343 1029 1454 1094 Αῐσικοῦ

331 1141 510 1219 ἐρωτώμενος
539 1138 617 1213 όσσις
648 1139 709 1204 ἔστι
740 1141 799 1205 reri.
834 1140 906 1206 Non
939 1139 1042 1205 obstat
1066 1140 1162 1206 dubia
1186 1142 1282 1206 huius
1306 1142 1454 1209 dramatis

333 1256 428 1338 origo.
452 1253 558 1319 Licuit
582 1256 784 1341 Aristophani
809 1255 923 1320 imitari
947 1256 1010 1320 sive
1028 1254 1144 1321 Critiae
1165 1266 1245 1322 essu
1264 1258 1371 1322 druna
1390 1261 1453 1324 sire

335 1369 503 1455 Euripidis.
540 1371 628 1452 Quae
664 1373 757 1435 etiam
794 1369 919 1435 Wilour.
952 1369 1180 1437 Moelleudorsri
1215 1375 1368 1437 sententie
1401 1384 1457 1450 est,

334 1485 387 1569 qui
418 1496 521 1550 tarneu
552 1486 676 1563 iniuria,
702 1495 738 1549 ut
762 1487 838 1550 mihi
864 1487 996 1564 ridetur,
1021 1487 1056 1550 fr.
1084 1490 1147 1550 353
1173 1487 1284 1571 (Selrol.
1310 1511 1352 1551 rs.
1379 1490 1455 1571 rra)

339 1600 478 1665 l'iritlroo
512 1600 634 1679 tribuit,
668 1602 761 1667 Anal.
793 1601 870 1667 Eur.
903 1625 932 1689 p.
966 1604 1038 1666 173.
1064 1602 1189 1688 Optimo
1214 1603 1307 1682 enirn,
1334 1609 1370 1667 ut
1393 1627 1460 1689 pro·

337 1714 408 1781 bure
444 1725 574 1781 conatus
608 1740 688 1792 suru,
724 1717 897 1802 explicatur
933 1740 1017 1782 error
1047 1716 1280 1782 seiroliastaruur
1312 1719 1337 1781 si
1368 1719 1459 1784 rerba

336 1831 411 1912 κόροι
434 1856 467 1896 σε
489 1831 547 1913 γάρ
570 1833 630 1897 κσέ.
658 1855 762 1897 revera
784 1832 897 1898 Thesei
921 1832 1017 1897 inisse
1040 1834 1218 1898 statuimus.

337 2087 391 2154 Vs.
417 2080 497 2151 536.
532 2089 752 2166 μεσοκυλόνδειν
774 2088 863 2152 αὑτὸν
885 2086 933 2152 ἀεὶ

538 2204 605 2284 πρὸς
628 2206 677 2268 σόν
700 2198 731 2268 εὖ
753 2204 921 2284 πράττονται
944 2209 1056 2282 τοῖχον.

383 2343 487 2408 Seirai.
511 2341 605 2421 όμοιον
627 2345 667 2423 σῷ
691 2343 720 2407 ἕν
741 2345 900 2421 Ἀλοομόνςι
925 2344 1100 2423 Εὑριπόδονι

539 2460 571 2524 οὐ
594 2458 651 2541 γάρ
674 2461 740 2524 ποτ’
762 2457 823 2522 εἴων
849 2458 982 2523 Σόένελον
1005 2459 1034 2531 ές
1057 2461 1105 2524 τόν
1128 2460 1242 2539 εότνχῆ

540 2580 693 2656 χοροῡνσνι
715 2582 818 2655 τοῖχον
841 2582 894 2648 τῆς
919 2574 1000 2647 δι’κνς
1023 2575 1199 2654 ἀποστερεῖν.

384 2702 445 2769 Per
475 2727 507 2770 se
537 2703 733 2789 intellegitur
766 2708 819 2767 Ar.
852 2701 926 2765 haee
949 2723 1011 2764 non
1035 2700 1191 2764 imitat-uin
1217 2722 1290 2763 esse.
1317 2697 1462 2764 Utuntur

340 2826 473 2905 uterque
495 2820 626 2907 scriptor
648 2820 755 2884 eodem
779 2817 928 2902 loquendi
955 2814 1055 2880 modo.

341 3072 395 3139 Vs.
420 3065 502 3136 659.
527 3069 689 3145 ΙἈπολλον,
712 3069 742 3144 ός
766 3094 821 3136 πον
846 3078 943 3145 Δῆλον
965 3067 982 3143 ἢ
1008 3069 1116 3133 Πυθῶν’
1138 3067 1228 3148 ἔχεις.

384 3185 514 3254 iambus
537 3187 687 3252 Ananiae.
711 3184 823 3272 Bergk.
848 3187 950 3250 Anan.
978 3187 1006 3248 1.
1031 3206 1062 3270 p.
1090 3185 1164 3249 786.

340 3441 393 3508 Vs.
419 3433 501 3504 664.
539 3439 683 3512 Πόσειδον,

542 3553 572 3626 ἒς
596 3554 722 3631 Αἱμοοόον
745 3557 858 3632 πρῶνες
881 3549 898 3626 ἢ
921 3553 1059 3629 γλονκὶις
1083 3550 1180 3628 μέδεις

542 3667 613 3741 οὶλὸς
636 3670 664 3731 ἐν
686 3666 825 3744 βὲνόεσιν.

387 3783 491 3848 Schol.
512 3780 592 3846 Veri.
616 3787 648 3845 et
669 3780 710 3844 al.
734 3781 816 3860 ποιριὶ
837 3784 888 3844 τοῦ
912 3779 1096 3860 Σοφοκλέους
1120 3779 1153 3843 ἐκ
1177 3776 1380 3849 umatum:

386 3900 530 3971 litaretur,
553 3898 583 3969 ἒς
607 3897 731 3974 Αἱγνόου
755 3895 852 3973 μέδεις
876 3899 989 3975 πρῶννις
1012 3892 1029 3967 ἢ
1048 3896 1187 3973 ymonis
1206 3892 1304 3970 μέδεις
1315 3891 1458 3969 εὐνονέμον

342 4015 452 4094 λόμνος
473 4014 534 4079 κσέ.

386 4129 438 4197 Fr.
462 4129 555 4215 Soph.
579 4129 654 4205 341,
680 4124 734 4190 ubi
757 4125 826 4189 vide
849 4124 1043 4189 coniecturas
1062 4120 1188 4208 Bergkii
1200 4128 1232 4186 et
1244 4119 1454 4187 Herwerdeni.

345 4244 530 4313 Verisimilis
564 4251 612 4308 est
644 4241 750 4330 opinio
781 4238 893 4305 Koekii
923 4236 1016 4302 verba
1037 4237 1067 4310 ὃς
1089 4273 1134 4286 -
1156 4236 1255 4314 μέδεις
1280 4258 1296 4298 e
1319 4235 1458 4321 margine

344 4362 378 4429 in
406 4369 527 4428 textum
551 4356 767 4445 Aristophanis
790 4355 957 4442 irrepsisse.
983 4351 1072 4434 Quae
1096 4352 1121 4417 si
1144 4374 1215 4416 vera
1238 4358 1294 4429 est,
1319 4352 1463 4435 Πόσειδον,

343 4479 416 4552 ιὶλδς
439 4478 468 4543 όν
490 4475 619 4556 βένόεσιν
640 4495 702 4540 nou
725 4495 742 4537 e
764 4469 940 4536 Laocoonte
964 4468 1144 4534 desumtum
1175 4473 1232 4531 est.
