3592 5484
369 658 411 722 66
867 672 956 718 aves.

348 867 384 910 eo
415 843 546 908 fallitur.
569 841 730 927 Nauplius
753 841 837 906 enim
860 841 967 906 nullas
988 843 1197 906 concremavit
1218 864 1321 908 navas.
1345 843 1373 908 E
1394 845 1476 930 frug·

346 957 460 1021 mentis
494 956 557 1021 tale
588 957 668 1041 quid
700 955 837 1020 voluisse
867 954 1052 1041 Sophoclem
1079 978 1172 1020 nemo
1203 955 1308 1021 eliciet
1337 965 1370 1022 et
1391 959 1476 1024 sicut

345 1070 473 1135 aliunde
502 1070 681 1136 luculenter
712 1076 853 1156 apparet,
884 1068 1055 1156 Nauplius,
1087 1076 1126 1134 ut
1154 1061 1272 1156 Hygini
1300 1069 1373 1156 (fab,
1397 1075 1474 1157 116)

344 1190 416 1248 utar
446 1182 557 1265 verbis,
588 1191 779 1269 „tamquam
812 1182 969 1248 auxilium
1002 1183 1042 1248 iis
1073 1184 1105 1270 (i.
1137 1205 1164 1247 e.
1188 1183 1327 1268 Danais)
1350 1185 1475 1251 afferret

292 1339 295 1343 ν
343 1297 470 1376 „facem
505 1297 667 1364 ardentem
701 1320 740 1362 eo
773 1297 843 1362 loco
869 1297 995 1377 extulit,
1026 1319 1090 1382 quo
1119 1319 1193 1362 saxa
1215 1304 1308 1363 acuta
1331 1306 1363 1364 et
1384 1299 1474 1366 locus

343 1411 654 1498 ‚‚pcriculosiesimus
687 1410 786 1488 erat,''
821 1416 859 1473 ut
889 1408 1025 1474 Graecos
1055 1410 1179 1476 falleret
1206 1418 1239 1477 et
1267 1413 1300 1477 in
1328 1392 1473 1500 scopulos
1571 1458 1574 1464 -

343 1523 512 1589 adduceret
541 1545 645 1604 naves,
680 1523 720 1587 cf.
752 1522 829 1587 Eur.
863 1522 937 1587 Hel.
964 1525 1050 1587 1126
1074 1524 1278 1610 squ-Itaque
1300 1527 1326 1590 si
1351 1528 1472 1613 aptissi-

344 1661 429 1703 mum
448 1638 545 1702 fuerit
568 1636 628 1702 hoc
651 1636 816 1723 epitheton
840 1636 990 1722 Nauplio,
1014 1637 1078 1702 fuit
1100 1638 1195 1702 etiam
1217 1637 1413 1719 Prometheo,
1436 1642 1471 1706 in

343 1752 434 1817 cuius
463 1751 610 1816 honorem
644 1750 897 1831 λυμπιδοδρομόοι
919 1749 1023 1829 fiebat,
1049 1751 1151 1815 Schol.
1176 1749 1255 1817 Bon.
1283 1754 1357 1816 161.
1380 1751 1473 1819 Prae·

342 1873 428 1930 terea
456 1864 578 1929 etiamsi
601 1863 771 1929 statuimus
795 1863 855 1928 hoc
879 1886 992 1929 nomeu
1016 1863 1139 1929 Polluci
1161 1863 1276 1945 deberi,
1295 1865 1376 1931 nihil
1395 1867 1470 1933 inde

342 1977 484 2062 sequitur
514 1976 601 2062 quod
630 1977 718 2041 litem
750 1977 889 2042 dirimat.
914 1976 1098 2042 Tenendum
1121 1979 1204 2041 enim
1227 1985 1273 2042 est
1295 1978 1403 2044 drama
1424 2002 1471 2045 aa·

340 2091 474 2176 tyricum
497 2092 674 2176 antiquitus
696 2091 882 2177 simpliciter
898 2090 1152 2169 „Prometheus”
1170 2093 1354 2179 inscriptum
1372 2093 1470 2158 fuisse

341 2212 373 2268 et
395 2226 433 2268 ex
456 2227 492 2268 eo
512 2205 596 2289 quod
616 2227 790 2290 cognomen
806 2204 938 2290 aliquod
956 2205 1082 2269 finxerit
1098 2204 1220 2286 Pollux,
1237 2207 1468 2291 nequedrama,

340 2317 425 2401 quod
452 2318 592 2397 llepxxs‘a
620 2317 836 2404 appellaverit,
860 2341 966 2383 revera
988 2327 1040 2399 Πρ.
1065 2319 1207 2399 πυρφόρον
1229 2319 1324 2383 luisse
1349 2319 1468 2385 efficere

340 2430 425 2511 licet,
455 2452 557 2515 neque
588 2433 638 2496 τόν
661 2432 806 2512 πυρφόρον
828 2431 925 2495 leuse
949 2431 1031 2496 illud
1053 2430 1161 2495 drama
1184 2433 1358 2514 satyricum
1381 2432 1468 2517 quod

340 2544 504 2610 Persarum
527 2545 670 2631 trilogiae
692 2545 838 2609 additum
860 2546 968 2609 fuerit.

384 2661 414 2722 3.
438 2657 560 2739 Quidni
583 2660 682 2745 igitur
704 2658 754 2723 Pr.
780 2659 924 2740 πυρφόρος
948 2660 1049 2746 prima
1065 2658 1209 2744 trilogiae
1226 2659 1387 2745 tragoedia
1402 2659 1469 2726 fue·

339 2773 403 2837 rit?
425 2772 544 2837 Iterum
569 2773 736 2838 audiamus
760 2771 973 2852 Dindorfium,
997 2772 1084 2837 Poct.
1109 2773 1199 2838 Sceu.
1224 2773 1279 2838 Gr.
1298 2773 1358 2839 hd.
1378 2773 1465 2862 Lips

340 2889 437 2966 1868,
467 2909 497 2972 p.
530 2889 610 2951 113:
641 2889 722 2966 „Dc
751 2911 830 2950 euna
862 2889 1021 2951 melam
1043 2888 1185 2970 opinione,
1209 2890 1262 2973 qai
1279 2890 1466 2972 tetraloyr'nn

335 3049 357 3078 ,,
365 3000 567 3065 Prometheum
595 3024 632 3064 er
661 3002 757 3065 tritae
787 3001 948 3082 tragoediis
977 3001 1121 3082 πυρφόρῳ,
1154 3000 1300 3080 decadae,
1332 3001 1464 3083 λυομένῳ

335 3114 448 3195 „(licet
481 3117 514 3176 in
548 3115 686 3193 deaptare
721 3135 768 3177 rea
800 3114 970 3177 Promethei
1001 3115 1047 3178 ita
1076 3123 1261 3195 capmaatar
1289 3123 1324 3177 at
1347 3117 1464 3180 nullan

335 3228 454 3305 ‚filiam
475 3228 616 3312 fabulum
632 3229 829 3310 praeeeaaraee
851 3233 1008 3312 apparent)
1032 3236 1061 3290 et
1075 3229 1193 3313 sadala
1210 3229 1343 3313 satyrica
1361 3230 1464 3310 ipuota

335 3342 548 3423 „conpositam
563 3343 724 3425 finxerunt
737 3390 836 3406 .....
860 3342 926 3404 diei
949 3342 981 3404 in
1010 3341 1081 3404 Vita
1102 3341 1248 3423 Sophoclis
1265 3343 1289 3406 l.
1308 3343 1353 3405 l.”
1373 3340 1462 3407 Idem

334 3453 398 3518 lere
427 3452 603 3518 Wecklein.
636 3454 749 3519 hesch.
781 3452 886 3519 Prom.
920 3458 1016 3534 1872,
1049 3477 1080 3541 p.
1108 3457 1166 3520 17:
1190 3454 1324 3532 „Allein
1349 3455 1464 3520 einmal

334 3566 489 3645 „euthdlt
510 3568 566 3632 der
589 3577 641 3649 Πρ.
667 3570 823 3648 δεσμώτης
847 3568 940 3632 keinc
961 3567 1225 3653 Vorauesetaung,
1248 3569 1398 3634 vielmehr
1420 3569 1463 3634 ist

334 3681 452 3759 „darin
475 3681 526 3746 die
548 3682 731 3767 Exposition
756 3683 822 3747 und
840 3681 893 3746 die
911 3682 1094 3766 Eradhlung
1112 3682 1168 3746 der
1184 3682 1461 3768 vorausliegendeu

334 3792 616 3879 „Begebenheiten
646 3817 707 3859 von
738 3795 793 3860 der
823 3799 894 3876 Art,
922 3795 992 3859 dass
1016 3796 1086 3859 eine
1108 3795 1362 3880 vorhergehende
1384 3795 1462 3861 Dar·

333 3907 503 3993 „atellung
525 3907 688 3974 dersclben
712 3908 966 3993 Begebenheiten
990 3909 1036 3972 als
1055 3909 1242 3973 dsthetischc
1260 3909 1459 3995 linmiiglich·

333 4021 428 4099 „leit
457 4024 644 4088 erscheint.''
675 4022 777 4089 Grave
810 4022 870 4088 hoc
901 4023 1028 4088 videtur
1061 4030 1292 4108 argumentum,
1322 4023 1386 4102 sed,
1411 4047 1461 4089 me
1507 4002 1510 4006 ⁴

331 4135 458 4219 quidem
480 4136 594 4217 iudice,
618 4138 719 4223 prima
740 4144 868 4201 tantum
891 4137 994 4222 specie
1017 4159 1110 4222 grave
1131 4145 1186 4202 est.

375 4247 409 4313 Si
430 4272 536 4314 revera
559 4249 766 4316 Prometheus
788 4251 915 4315 vinctus
938 4252 972 4314 in
996 4251 1152 4334 colloquio
1176 4273 1246 4315 cum
1267 4249 1460 4316 Nereidibus

214 4432 224 4447 ο
331 4368 364 4424 et
385 4360 421 4425 Io
444 4363 605 4428 historiam
628 4365 706 4428 furti
728 4372 894 4443 narrasset,
918 4365 1025 4428 statim
1046 4364 1245 4429 concederem
1264 4387 1374 4429 vanam
1392 4387 1459 4430 ease

332 4494 425 4557 quam
456 4498 551 4562 supra
580 4479 748 4542 memoravi
771 4476 932 4543 Welckeri
956 4477 995 4542 de
1018 4477 1152 4559 πυρφόρορ
1176 4479 1373 4543 sententiam.
1396 4476 1459 4542 Sed
