3592 5484
844 691 933 736 ΗΕΒ.

327 875 382 939 Vs.
408 866 488 935 829.
524 872 575 936 acal
599 876 661 943 πῶς
683 871 720 935 διν
743 870 786 934 ἔτι
808 871 912 949 γένοιτ’
936 869 972 935 διν
995 871 1134 944 relaxares
1159 872 1251 945 πόλις,

527 985 597 1050 ὅσον
621 986 690 1058 θεὸς,
711 984 785 1062 γυνὴ
811 992 959 1063 γενοννῖοι,
983 985 1150 1049 πανοπλίαν

526 1099 625 1174 ἕστηκ’
650 1097 773 1179 έχονσοι,
799 1100 969 1173 Κλεισθένης
994 1099 1025 1163 δέ
1049 1101 1185 1179 κερκίδοις

373 1263 529 1349 Sagaciter
559 1269 597 1326 ut
628 1262 707 1328 solet
738 1261 880 1327 Fritsche
914 1227 999 1345 (Acts
1031 1260 1097 1325 Soc.
1129 1260 1182 1326 Gr.
1214 1262 1283 1349 lp.
1311 1267 1373 1329 144
1397 1288 1446 1352 ap.

330 1376 452 1442 Welck.
477 1376 512 1441 ΙΙ
535 1399 565 1462 p.
592 1378 665 1459 755)
689 1360 822 1440 coniecit
845 1375 903 1440 hos
926 1397 1032 1439 versus
1051 1376 1208 1461 parodiam
1230 1377 1449 1444 esliiberevcr·

329 1493 440 1558 borum
470 1491 629 1576 Euripidis
662 1514 678 1554 e
710 1489 869 1573 Meleagro
900 1488 1016 1574 quibus
1046 1489 1119 1554 olim
1142 1490 1174 1554 in
1198 1493 1357 1576 tragoedia
1380 1515 1449 1558 con-

330 1607 473 1671 iunctum
504 1605 615 1669 luisset
644 1603 681 1667 fr.
709 1606 782 1667 526.
808 1601 956 1666 Welcker
980 1603 1115 1688 primum
1138 1610 1262 1669 tanturn
1286 1628 1406 1671 versum
1431 1629 1448 1671 e

331 1719 489 1803 Meleagro
512 1724 651 1782 sumtum
675 1723 707 1780 et
730 1716 906 1800 fragmento
932 1719 995 1778 526
1016 1717 1275 1801 praemittendum
1296 1742 1360 1784 esse
1380 1741 1450 1784 con·

330 1833 442 1898 tendit.
474 1834 517 1896 At
547 1832 603 1896 hac
633 1832 813 1896 coniectura
843 1854 906 1896 nou
938 1852 1017 1917 opus
1039 1838 1094 1896 est.
1119 1829 1259 1898 Fortasse
1283 1856 1353 1899 curn
1376 1834 1450 1899 haec

330 1947 453 2033 scripsit
482 1945 705 2032 Aristophanes
736 1945 956 2011 recordabatur
987 1967 1093 2009 versus
1118 1945 1285 2031 Sophoclis,
1310 1947 1348 2011 fr.
1373 1950 1447 2028 606,

330 2063 361 2125 οὐ
384 2060 443 2141 γιίρ
464 2061 529 2124 ποτ’
553 2057 590 2123 ἂν
615 2058 719 2137 γένοιτ’
742 2058 778 2123 διν
798 2059 946 2139 ιίσΦοιλδς
965 2060 1060 2131 πόλις,
1080 2065 1137 2122 aut
1153 2058 1323 2144 Euripidis,
1337 2060 1447 2147 Suppl.

331 2175 406 2254 447,
429 2179 491 2246 πῶς
513 2168 559 2238 οὖν
578 2171 620 2238 ἔπ’
643 2173 679 2237 διν
703 2172 807 2252 γένοιτ’
833 2173 869 2238 ἂν
893 2173 1002 2253 ίσχνρδι
1025 2172 1125 2248 πόλιος

331 2459 387 2525 Vs.
413 2451 493 2521 842.
529 2459 734 2540 κωδωνοφορῶν
758 2459 918 2540 περίτρεχε.

377 2597 480 2662 Schol.
511 2597 629 2676 μιίποτε
658 2596 689 2662 δέ
717 2598 937 2680 ποιροικωμῳδεῖ
957 2598 1006 2662 τὸν
1028 2598 1185 2677 Εὐριπίδου
1209 2600 1397 2678 Ποιλοιμιίδκν
1419 2604 1450 2667 οὐ

331 2713 383 2792 πρὸ
410 2716 520 2776 πολλοῦ
543 2710 760 2789 δεδιδαγμένον.
785 2709 825 2775 In
850 2709 1017 2775 Palamede
1040 2711 1157 2775 mentio
1179 2711 1273 2776 tiebat
1295 2719 1376 2778 πινῶν
1397 2738 1451 2780 πε·

329 2824 515 2906 ριπολοιίνπων
545 2823 596 2887 σὺν
627 2824 738 2888 κώδωσι
761 2831 815 2898 τῆς
838 2824 948 2896 νυκτός,
974 2831 1012 2886 ut
1034 2823 1125 2887 docet
1149 2823 1375 2910 Harpocration
1398 2850 1448 2914 ap.

333 2936 428 3002 Diud.
451 2936 527 3002 Eur.
551 2936 589 3001 ir.
616 2939 689 3000 592.

332 3209 388 3276 Vs.
412 3202 494 3273 851.
518 3256 526 3268 ³
762 3209 908 3290 ὁμορροθῶ,
932 3205 1066 3284 ξννίέλω.

377 3347 494 3414 Insunt
524 3347 612 3412 huic.
628 3346 803 3411 comoediae
834 3348 970 3428 carmina
1000 3347 1121 3412 chorioa
1153 3371 1232 3433 quae
1261 3347 1454 3434 tragoediam

333 3462 471 3549 sapiunt,
495 3485 524 3526 ι.
549 3483 574 3525 c.
599 3464 656 3525 45]
687 3484 764 3545 sqq„
789 3483 869 3545 quae
891 3469 998 3525 tamen
1022 3483 1060 3524 au
1085 3483 1188 3526 revera
1208 3463 1366 3548 parodiam
1386 3487 1455 3529 con·

333 3577 456 3641 tineent
485 3574 658 3639 diiudicare
689 3588 751 3639 non
783 3597 959 3660 possumus.
993 3573 1112 3639 Verum
1136 3576 1174 3638 ad
1196 3598 1239 3638 vs.
1264 3580 1323 3639 851
1352 3576 1453 3642 Schol.

334 3690 486 3769 ίμορροίῶε
521 3687 707 3768 Σοφοκλέους
740 3690 773 3752 ἐκ
804 3687 926 3760 Πηλέως
958 3695 990 3750 et
1020 3686 1059 3751 ad
1090 3711 1134 3752 vs.
1161 3690 1222 3751 857
1247 3690 1356 3761 Πνίιέις
1379 3689 1453 3768 litai:

334 3801 386 3868 κοιί
411 3808 495 3867 τοῦτο
518 3803 550 3866 δὲ
572 3804 604 3866 έκ
628 3801 757 3877 Πηλέως.
784 3799 834 3865 Ilr.
860 3804 924 3864 446
950 3799 1003 3880 N,
1028 3803 1092 3865 435
1117 3800 1155 3864 D.
1177 3799 1262 3880 Quid
1283 3826 1299 3866 e
1319 3826 1377 3867 vss.
1392 3805 1454 3866 852

334 3938 400 4000 sqq.
433 3915 595 4001 Sophoclis
625 3915 721 3980 fuerit
743 3936 807 3980 riou
831 3915 941 3999 liquet.
967 3914 1056 3995 Quae
1079 3913 1242 3999 subiungit
1264 3924 1356 4000 poeta
1378 3941 1455 3994 σνμ·

335 4027 512 4108 ποιροιινέσοις
536 4027 596 4106 ἔχω
622 4026 792 4113 Sophoclea
815 4051 880 4092 esse
901 4034 1042 4112 possunt,
1061 4049 1124 4091 nou
1145 4034 1248 4091 tamen
1265 4027 1323 4091 hoc
1334 4028 1456 4092 schema

336 4141 431 4205 unius
461 4139 620 4226 Sophoclis
650 4141 812 4226 proprium
844 4148 901 4220 est,
927 4140 965 4205 cf.
990 4139 1066 4204 Eur.
1092 4139 1215 4205 Heracl.
1239 4142 1313 4221 436,
1341 4139 1453 4206 Troad

338 4256 434 4332 1150,
458 4261 540 4318 etv.
565 4252 668 4318 Hcrw.
693 4254 733 4317 ad
758 4252 828 4317 Ion.
854 4255 928 4316 230.

380 4365 435 4432 Vs.
467 4370 530 4432 865
561 4366 684 4447 εὔχεσθε
716 4367 748 4431 δέ
780 4366 887 4448 Ἑστίᾳ
910 4366 971 4430 κσέ.
997 4363 1129 4430 Parodia
1151 4374 1198 4431 cst
1220 4387 1357 4452 precum,
1381 4388 1458 4451 quas

334 4481 443 4548 Ionica
464 4482 598 4548 dialecto
621 4479 796 4547 recitabant
819 4479 1036 4544 sacrificaturi.
