3592 5484
356 668 422 730 214
768 680 957 726 ammaon
978 682 1029 726 111.

379 947 496 1011 Insunt
518 946 600 1011 lihro
621 945 800 1011 fabularum
823 947 990 1025 nonnulla,
1010 969 1047 1011 ex
1069 945 1185 1030 quibus
1203 946 1464 1033 suspicaripossis

333 1072 406 1114 eum
428 1051 579 1134 scriptum
603 1071 669 1112 esse
693 1071 711 1111 a
734 1048 801 1112 viro
825 1047 945 1111 Graeco
968 1047 1096 1132 linguae
1119 1046 1253 1111 Latinae
1277 1070 1387 1132 parum
1412 1072 1464 1136 pe·

334 1153 405 1229 rito,
436 1173 464 1214 v.
496 1174 522 1214 e.
555 1148 684 1213 verbum
715 1147 1001 1227 „eommeletomlq”
1031 1149 1052 1212 i.
1082 1170 1110 1212 e.
1135 1155 1275 1228 μελετᾶν,
1298 1148 1360 1213 fab.
1387 1153 1462 1230 165,

275 1252 279 1258 ’
334 1261 367 1317 et
395 1255 531 1331 „leonem
560 1251 721 1327 otrotam'',
745 1248 807 1313 fab.
833 1251 893 1326 303
919 1259 951 1312 at
974 1272 1052 1333 quos
1074 1250 1252 1313 notavimus
1275 1273 1394 1315 errores
1416 1252 1458 1316 fa·

334 1354 426 1418 cilius
449 1353 603 1437 explicare
624 1372 791 1435 possumus
810 1357 984 1415 statuentes
1003 1350 1123 1415 Graeca
1142 1350 1181 1414 ab
1193 1351 1318 1416 indocto
1330 1352 1456 1418 homine
1482 1393 1486 1400 ·

334 1477 421 1518 versa
449 1453 499 1516 vel
528 1461 672 1538 exoerpta
702 1475 779 1516 esse.
809 1451 1033 1537 Interpolatori
1064 1451 1209 1530 debetur,
1240 1461 1279 1517 ut
1310 1454 1462 1519 indicavit
1561 1460 1565 1466 ’

334 1555 484 1626 Schmidt.
516 1554 653 1640 ineptior
685 1554 780 1617 etiam
811 1574 897 1617 error
924 1551 984 1616 fab.
1011 1555 1096 1616 192:
1123 1556 1184 1632 „ol
1205 1577 1325 1639 eamqee
1346 1579 1405 1619 reae
1429 1561 1465 1619 ele

333 1659 417 1720 choro
446 1679 574 1718 sororum
601 1658 723 1737 eopelea
755 1653 903 1736 (Electra)
936 1678 1065 1717 moerere
1093 1656 1202 1718 crinem
1224 1657 1351 1718 mutem
1372 1658 1462 1738 perit.

334 1781 409 1841 qaae
437 1767 555 1820 cometes
577 1759 759 1838 appellatur,
781 1758 842 1819 eive
864 1758 998 1836 lovpodea
1022 1756 1067 1834 (in
1093 1754 1216 1818 Graeco
1238 1754 1318 1820 libro
1341 1758 1462 1835 >syxti-

335 1859 387 1931 δης
421 1855 606 1940 legebatur),
640 1859 692 1940 qui
722 1859 754 1917 ia
785 1858 997 1937 lonpitaelinem
1025 1857 1211 1937 producitur,
1241 1858 1303 1920 eice
1332 1858 1461 1939 eriphioe,

272 1987 275 1992 ·
334 1961 406 2043 qaia
424 1960 522 2039 ylarii
543 1960 690 2022 mucronis
712 1958 834 2040 effiqiene
854 1955 1024 2039 producit.'’

378 2155 465 2219 Idem
490 2155 718 2219 observandum
741 2163 790 2218 est
814 2153 851 2217 de
874 2154 936 2217 alio
960 2156 1015 2238 qui
1038 2153 1158 2240 Hygini
1183 2156 1309 2219 nomine
1333 2157 1462 2220 eircum-

335 2258 439 2321 lertur
472 2256 561 2335 libro,
597 2256 724 2320 Poetieo
758 2256 986 2320 Astronomioo.
1017 2255 1088 2319 Lib.
1119 2255 1154 2319 ΙΙ
1183 2280 1209 2320 c.
1246 2259 1283 2320 18
1315 2265 1460 2321 narratur

334 2357 462 2422 historia
494 2357 746 2442 Bellerophontis
776 2366 809 2421 et
837 2359 967 2421 victoria
995 2379 1089 2441 quam
1113 2382 1130 2420 e
1154 2357 1315 2422 Chimaera
1338 2359 1458 2423 retulit.

334 2458 518 2542 Sequuntur
540 2459 633 2523 haee:
655 2508 675 2536 „
693 2460 777 2522 Unde
798 2461 891 2522 uictor
906 2462 1096 2545 prosapiem,
1117 2469 1183 2541 port
1200 2462 1297 2537 fontir
1321 2462 1462 2524 inventio

334 2582 424 2638 „nem
447 2585 511 2625 eum
533 2564 576 2623 od
595 2562 703 2624 coelem
721 2563 908 2624 mutenderet
923 2563 1038 2625 eoolore
1052 2583 1145 2644 neque
1162 2563 1245 2642 lonye
1264 2562 1323 2625 ianr
1339 2565 1460 2640 etmel,

334 2663 522 2743 „deepidene
557 2664 589 2725 in
619 2671 741 2740 terrem,
770 2663 873 2725 timore
899 2671 1048 2744 pennotus
1075 2664 1195 2741 eteeidrt,
1225 2665 1320 2746 ibique
1339 2665 1464 2746 periisse

334 2764 483 2840 „dicitar,
507 2787 612 2848 equam
633 2772 730 2826 aarum
751 2764 918 2827 subvolasse
939 2772 968 2826 et
991 2764 1071 2827 inter
1091 2765 1189 2827 ridere
1213 2767 1249 2828 ab
1266 2765 1337 2828 Jove
1355 2767 1460 2828 eonati·

333 2911 354 2941 „
364 2873 449 2928 tates
469 2865 688 2928 eristimotur.'’
708 2863 799 2944 Quae
811 2865 837 2927 si
848 2863 1079 2949 perpendimus,
1092 2887 1156 2929 non
1167 2887 1266 2950 pauca
1278 2872 1363 2944 sunt,
1376 2886 1457 2948 quae

333 2965 498 3030 offendant.
527 2967 662 3051 „Eqaue
680 2964 882 3044 eubmlooit'';
898 2972 933 3029 at
951 2966 990 3030 de
1010 2987 1090 3049 equo
1111 2964 1250 3030 nondum
1270 2987 1370 3030 sermo
1394 2966 1460 3029 fue

332 3075 389 3131 ret.
408 3066 535 3132 Titulus
554 3090 619 3153 eap.
645 3069 684 3130 18
698 3076 763 3131 est:
779 3067 882 3152 Equus
890 3094 899 3144 ;
912 3075 946 3130 at
958 3088 1075 3150 equum
1087 3067 1206 3130 alatum
1223 3066 1461 3152 Bellerophonti

332 3169 426 3232 luisse
450 3168 604 3252 illumque
627 3168 686 3232 hoe
709 3189 791 3251 equo
816 3176 940 3232 neotum
965 3168 1060 3232 luisse
1083 3189 1146 3232 non
1166 3176 1366 3232 memoratur.
1387 3167 1457 3232 Imo

332 3292 445 3334 nomen
456 3268 567 3353 Pegasi
578 3271 611 3334 in
623 3271 735 3354 eapitis
747 3277 835 3354 parte
847 3291 928 3353 quae
944 3269 983 3332 de
998 3269 1238 3355 Bellerophonte
1253 3271 1329 3354 agit,
1342 3269 1460 3332 frustra

332 3392 471 3453 quaeres.
503 3370 576 3433 Alia
606 3379 711 3435 narrat
740 3370 885 3455 scriptor,
907 3392 950 3434 ac.
975 3369 1247 3455 Bellerophontem
1270 3369 1310 3433 ed
1333 3368 1456 3434 eoelum

331 3470 524 3535 oontendisse
547 3471 668 3534 evolare
691 3479 785 3554 „poet
799 3472 907 3557 fontir
925 3472 1152 3535 inventionem?
1171 3474 1215 3535 At
1231 3471 1322 3535 euius
1339 3469 1459 3533 fontis?

331 3569 449 3649 Fontis,
483 3573 537 3655 qui
569 3574 602 3636 in
631 3571 784 3637 Helieone
816 3570 927 3656 Pegasi
955 3572 1077 3657 ungula
1107 3581 1235 3657 apertus
1259 3570 1330 3635 est?
1354 3574 1398 3634 At
1421 3571 1455 3634 in

295 3675 300 3687 ¹
331 3670 426 3757 Lycia
455 3681 522 3737 erat
550 3672 771 3759 Bellerophon,
803 3680 842 3737 ut
864 3675 931 3759 ipse
952 3676 1085 3757 scriptor
1108 3679 1223 3736 monet.
1249 3671 1292 3734 Et
1314 3671 1392 3756 quid
1417 3695 1464 3736 re·

331 3775 393 3838 fert
416 3796 487 3838 eum
509 3784 576 3856 poet
590 3779 697 3860 soatio
717 3777 914 3838 inventionem
936 3773 1057 3838 coelum
1076 3773 1225 3857 petiisse?
1243 3771 1330 3836 Haeo
1349 3773 1453 3836 omnia

331 3884 395 3939 tam
426 3876 560 3940 absurda
589 3886 665 3941 sunt
688 3885 726 3940 ut
749 3876 897 3960 explicari
921 3883 1091 3958 nequeant.
1118 3872 1271 3937 Welelrer.
1296 3872 1351 3937 Gr.
1376 3882 1456 3957 trag.

331 3975 367 4040 Π
401 3999 430 4061 p.
465 3981 545 4043 787:
569 3977 729 4055 „Dunkel
752 3979 794 4040 'ro
815 3976 921 4061 Hygin
946 3977 967 4040 l.
990 3976 1011 4039 l.
1038 3975 1129 4040 Unde
1153 3976 1251 4039 victor
1274 3974 1456 4061 profugiens

331 4089 431 4163 „post
462 4079 558 4142 fontis
589 4079 802 4142 inventionem
833 4086 892 4141 eet.
916 4077 960 4141 Es
982 4077 1105 4142 seheint
1127 4076 1201 4140 aher
1223 4075 1307 4140 diese
1331 4076 1388 4139 aul
1407 4077 1459 4140 ein

329 4178 602 4255 „liatasterismos
624 4180 849 4263 eingeriehtete
873 4178 966 4242 Form
991 4178 1046 4243 der
1069 4178 1249 4262 Ereithlung
1273 4177 1370 4242 sehon
1394 4177 1459 4242 die·
1557 4208 1559 4212 ·

331 4326 352 4355 „
360 4277 443 4342 selbo
473 4280 584 4344 elende
614 4281 775 4365 Allegorie
805 4302 844 4343 zu
869 4279 1024 4364 hefolgen,
1048 4279 1173 4343 wonach
1196 4277 1245 4342 bei
1270 4278 1458 4363 Fulgentius

331 4379 414 4457 „III
443 4383 457 4443 l
483 4380 622 4466 Pegasus
644 4383 712 4446 fons
735 4388 882 4445 aeternus
905 4383 947 4446 ist
954 4409 963 4459 3
987 4380 1145 4467 Sapientia
1168 4382 1250 4446 enim
1271 4380 1369 4444 honae
1389 4402 1460 4445 eon·

330 4529 351 4557 „
360 4482 542 4546 saltationis
564 4492 712 4547 aeternus
734 4483 805 4547 fons
828 4484 909 4547 est.”
