3592 5484
713 621 1068 667 THESMOPEOMAZUSAE.

329 807 384 872 Vs.
416 797 519 868 1070.
551 800 583 865 τέ
603 800 670 864 ποτ’
694 800 877 880 Ἀνδρομέδκ
900 803 1046 881 περίαλλα
1070 807 1168 867 κακῶν

554 913 638 992 μέρος
662 910 806 993 ἐξέλαχον
830 915 953 980 ratem
977 918 1116 993 τλήμωνς

374 1030 475 1095 Sehol.
507 1027 559 1093 xxi
582 1032 667 1092 τοῦτο
690 1030 722 1093 ἐκ
745 1033 796 1093 τοῦ
819 1029 967 1108 προλέγον.
993 1030 1084 1094 λείπει
1107 1029 1291 1107 „atatem
1315 1032 1453 1110 rexeras·

332 1145 383 1209 Fr.
410 1146 485 1207 115.
510 1140 558 1205 De
581 1142 727 1221 περίαλλκ
750 1142 788 1205 es.
812 1141 898 1205 Pers.
923 1142 1007 1205 Med.
1034 1146 1107 1205 284.

375 1256 422 1320 Dc
447 1256 503 1319 hae
523 1255 718 1318 festivissima
739 1255 865 1339 parodia
887 1265 979 1332 rorte,
994 1256 1166 1339 refragante
1179 1264 1216 1320 ut
1228 1257 1308 1320 solet
1321 1255 1455 1339 Engero,

329 1370 481 1434 iudicavit
512 1368 667 1432 Fritsche:
697 1368 823 1444 „Nobis
853 1370 978 1451 quidem
1003 1392 1115 1455 parum
1140 1371 1258 1454 tragice
1284 1370 1371 1433 Echo
1395 1371 1456 1433 ista

330 1485 486 1562 „ridetur
510 1482 690 1545 introducta
713 1505 788 1558 esse,
814 1505 884 1544 euru
907 1484 1086 1567 praesertim
1112 1482 1295 1547 lamentatio
1315 1485 1382 1547 eius
1401 1484 1457 1546 vir·

329 1598 425 1681 „gini
449 1597 507 1680 ipsi
532 1595 660 1657 molesta
684 1595 809 1658 luerit.”

375 1712 484 1773 Posset-
514 1709 642 1771 fortasse
672 1708 735 1771 tale
765 1709 927 1772 inventum
960 1709 1084 1773 defendi
1108 1711 1134 1772 si
1158 1711 1240 1773 roais
1264 1709 1400 1792 imagine
1424 1710 1456 1772 in

329 1825 489 1908 tragoedia
513 1846 591 1908 opus
614 1830 703 1900 esset,
728 1846 755 1886 r.
780 1846 804 1886 c.
830 1824 866 1886 ad
892 1823 1027 1906 aliquem
1053 1832 1170 1888 terrore
1191 1823 1397 1902 afficiendum,
1424 1825 1455 1886 in

332 1935 532 2000 Andromeda
567 1959 638 1999 vero
674 1937 748 1999 echo
778 1936 856 1999 nihil
889 1944 936 1999 est
967 1937 1024 1999 nisi
1057 1936 1303 2000 additamentum
1337 1937 1395 2012 rel,
1423 1942 1461 1998 ut

331 2049 475 2134 Euripidi
500 2048 673 2126 ridebatur,
698 2057 925 2123 oruamentum,
952 2073 1014 2132 quo
1035 2057 1137 2112 tamen
1161 2050 1250 2113 laeile
1270 2073 1373 2113 carere
1394 2073 1461 2134 pos·

334 2189 453 2229 sumus.
491 2164 658 2249 Proposuit
688 2163 756 2240 sibi,
786 2165 817 2227 ni
844 2165 942 2242 saltur,
968 2174 1058 2247 poeta
1083 2166 1124 2228 ita
1152 2165 1271 2227 allicere
1295 2164 1454 2227 auditores

332 2288 369 2342 ut
413 2280 568 2341 sentirent
611 2278 761 2359 virginem
798 2279 827 2339 in
864 2279 1072 2340 desertissima
1107 2278 1277 2340 solitudine
1313 2279 1350 2340 ad
1388 2300 1456 2339 saxa

332 2391 491 2475 alligatam
526 2415 600 2466 essu,
631 2390 682 2452 ubi
715 2390 801 2453 nulla
835 2393 997 2454 aruliretur
1028 2414 1085 2454 vox
1115 2393 1175 2455 uisi
1200 2414 1280 2474 quae
1304 2393 1457 2454 montium

332 2507 477 2568 anfractu
502 2512 761 2589 repercuteretur.
787 2503 846 2566 Sed
870 2528 933 2567 nou
957 2513 1118 2568 assecutus
1142 2506 1292 2588 estquod
1314 2505 1372 2568 sibi
1394 2528 1459 2589 pro-

334 2627 489 2704 posuerat.
523 2617 621 2681 Aliud
645 2624 692 2681 est
716 2618 821 2681 liebus
846 2642 948 2681 rocem
974 2619 1156 2691 describere,
1181 2617 1264 2700 quod
1288 2620 1362 2681 serit
1388 2618 1459 2680 Ori·

333 2733 414 2811 dius,
447 2731 533 2794 aliud
564 2733 597 2794 in
630 2753 720 2794 scena
745 2741 940 2795 resonantem
964 2733 1063 2795 facere
1086 2739 1181 2815 atquc
1206 2732 1237 2794 in
1262 2731 1453 2814 tragoediam

332 2846 531 2910 introducere
555 2846 638 2928 quod
662 2846 695 2908 in
720 2868 752 2908 rc
777 2847 894 2909 musica
919 2848 968 2908 vix
992 2846 1064 2909 ferri
1083 2847 1190 2930 possit.
1212 2844 1315 2907 Etiam
1331 2846 1357 2907 si
1370 2852 1460 2908 natu·

333 2983 398 3024 ram
421 2983 526 3024 revera
551 2961 692 3023 imitatus
715 2969 795 3023 esset
821 2984 920 3043 nepte
940 2962 1000 3024 nisi
1022 2960 1179 3024 lenissime
1201 2983 1259 3023 ror
1273 2967 1453 3038 resonasset,

334 3075 466 3138 artifieio
493 3097 565 3137 usus
590 3084 669 3138 essct
692 3098 709 3136 a
733 3075 892 3158 tragoedia
916 3075 1031 3151 alieuo;
1057 3082 1099 3150 at,
1123 3096 1194 3138 curu
1217 3075 1250 3137 in
1275 3075 1375 3136 maius
1397 3095 1461 3136 rem

334 3197 472 3272 augeret,
503 3212 573 3252 cum
598 3197 661 3251 tam
687 3189 782 3252 claras
807 3189 951 3252 redderet
974 3211 1061 3251 voees
1086 3187 1172 3250 Flolro
1197 3195 1235 3250 ut
1259 3187 1459 3250 Andromeda

335 3310 459 3387 rogaret
490 3304 560 3386 quis
590 3303 710 3365 adesset
741 3308 773 3364 et
802 3302 914 3366 deinde
948 3309 983 3364 ut.
1006 3310 1108 3364 tacere
1132 3300 1237 3377 rellct,
1263 3301 1459 3386 aptissimum

336 3426 403 3482 erat
436 3419 493 3481 hoc
525 3419 688 3481 inventum
717 3440 778 3481 nou
803 3417 841 3480 ad
865 3417 984 3479 animos
1007 3416 1188 3479 auditorum
1212 3414 1458 3491 commovendos,

338 3531 422 3615 quod
446 3531 570 3615 Eugero
595 3531 766 3607 ridebatur,
789 3531 841 3593 sed
863 3531 900 3593 ad
922 3531 1081 3593 theatrum
1103 3528 1341 3592 exhilarandum
1357 3550 1458 3610 neque

337 3645 448 3709 dubito
473 3646 549 3732 quin
575 3646 732 3709 auditores
756 3644 871 3731 quibus
895 3667 985 3707 aures
1008 3650 1121 3707 teretes
1145 3650 1248 3706 essent
1266 3641 1463 3706 subridentes

337 3761 395 3824 hoc
420 3759 647 3823 Andromedam
674 3760 755 3823 inter
779 3767 811 3822 et
834 3758 919 3822 Echo
945 3758 1137 3840 colloquium
1162 3758 1350 3820 audiverint.

337 3960 390 4024 Vs.
420 3952 521 4022 1098.
555 3955 575 4021 ὦ
600 3957 664 4028 deal,
688 3957 741 4020 τίν’
770 3960 800 4028 ές
824 3965 880 4034 γῆν
905 3956 1063 4036 βκρβρὶρων
1085 3957 1246 4032 ἀφίγμεέκ

561 4081 658 4151 cxxc?
678 4072 803 4150 πεδέ).’ρ;
829 4070 877 4134 tet
900 4069 991 4146 μέσον
1014 4070 1072 4149 γὰρ
1096 4069 1201 4148 uittae,-

560 4187 672 4262 τέμνων
696 4186 825 4248 adlaetae
850 4185 926 4247 πέδαι
951 4183 1049 4259 τίθημ’
1074 4182 1231 4261 andraeam
1249 4253 1284 4261 ,-

383 4301 486 4365 Sclrol.
519 4302 557 4372 εἷς
587 4299 698 4378 Περσέκ
730 4295 763 4372 ἐξ
793 4297 991 4377 Ἀνδρρμέδκς
1022 4298 1086 4377 τρίκ
1109 4297 1148 4360 τὲ
1173 4303 1281 4376 πρῶται.
1309 4296 1360 4359 Fr.
1388 4297 1462 4358 123.

339 4415 426 4480 'Euri
458 4414 587 4494 Περσέως
617 4411 774 4489 Fritsehe3
803 4412 856 4476 sed
887 4412 1014 4475 fortasse
1045 4411 1083 4482 εἷς
1111 4410 1225 4489 Περσέα
1249 4434 1285 4473 en
1306 4410 1463 4474 vocabulis
