3592 5484
832 707 1066 754 aenaeumsns.
1468 692 1487 752 9
1571 769 1580 778 ⁸

384 885 530 961 „bastani
544 930 552 944 .
567 930 575 944 .
590 927 619 944 ..
645 901 733 963 quam
755 901 819 942 cum
842 878 983 943 roaiaaeot
1004 877 1180 941 remediatus
1200 873 1264 941 eat”
1287 877 1363 942 satis
1382 875 1512 942 obscura
1624 951 1627 957 ,

384 1003 478 1072 sunt,
502 993 559 1058 lux
582 991 709 1056 demum
732 990 862 1076 affulget
887 1014 904 1055 e
928 989 1028 1055 verbis
1051 988 1212 1075 Euripidis
1235 992 1268 1055 in
1292 990 1330 1056 lr.
1354 989 1409 1054 all.

640 1111 782 1185 πριστοῖσι
806 1104 923 1183 λόγχης
945 1103 1089 1181 θέλγεται
1112 1103 1271 1184 ῥινήμασιν.

431 1218 498 1283 Iam
518 1219 681 1284 redeamus
701 1217 741 1281 ad
761 1217 1010 1302 Aristophanem.
1030 1216 1069 1282 In
1086 1216 1414 1303 Thesmophoriauusis
1426 1240 1513 1282 socer
1536 1278 1539 1293 ‚

384 1334 549 1420 Euripidis
568 1333 650 1397 idem
672 1331 841 1396 committit
860 1331 981 1396 lacinus
999 1354 1034 1394 uc
1053 1330 1209 1416 Telephus
1225 1331 1353 1416 Hygini.
1374 1330 1510 1396 Circum·
1532 1296 1538 1417 i

386 1453 498 1513 ventus
529 1446 569 1511 ab
600 1446 687 1511 iratis
719 1443 902 1510 mulieribus
925 1445 1074 1510 infantem
1102 1447 1216 1527 (utrem
1240 1447 1316 1530 vini)
1342 1447 1435 1532 rapit,
1459 1438 1540 1508 mi-'z

385 1563 490 1626 nitens
520 1585 552 1625 se
581 1582 654 1624 eum
678 1560 850 1624 occisurum
875 1584 917 1623 vs.
943 1562 1005 1623 689
1029 1581 1094 1643 sqq.
1117 1558 1232 1624 ¹Verbis
1256 1560 1385 1644 tragicis
1409 1560 1515 1625 utitur
1540 1541 1543 1568 ³*

385 1675 618 1752 Mnesilochus;
642 1673 770 1761 parodia
793 1680 840 1737 est
862 1673 1022 1738 manifesta
1033 1700 1042 1751 ;
1066 1674 1136 1756 quis
1154 1697 1227 1738 vero
1247 1681 1294 1739 est
1312 1673 1368 1758 qni
1392 1670 1436 1738 ihi
1456 1674 1515 1738 Ae·

384 1789 481 1874 schyli
513 1787 706 1873 tragoediam
734 1787 844 1874 respici
866 1787 1050 1872 suspicetur,
1074 1787 1159 1871 quod
1182 1796 1286 1852 tamen
1310 1789 1366 1852 fiat
1389 1811 1514 1854 necesse

385 1909 432 1967 est
456 1903 482 1968 si
504 1900 604 1966 stabit
627 1901 797 1966 auctoritas
819 1900 1000 1965 scholiastae
1024 1900 1102 1965 Ach.
1128 1903 1201 1964 332.

430 2022 475 2083 At
498 2039 652 2104 ponamus
675 2038 748 2080 cum
772 2013 941 2079 Ribbeclrio
966 2022 998 2079 et
1020 2016 1052 2078 in
1077 2015 1222 2100 Aeschyli
1247 2016 1331 2080 etin
1351 2016 1514 2103 Euripidis

385 2135 525 2198 dramate
556 2130 730 2217 Telephum
762 2127 903 2193 Orestem
928 2130 1075 2215 rapuisse,
1099 2129 1184 2213 quod
1206 2139 1311 2195 tamen
1336 2131 1428 2197 nullo
1451 2133 1541 2196 alio‘

385 2247 591 2312 fundamento
622 2251 745 2330 praeter
774 2243 833 2308 hoc
856 2246 959 2329 ipsum
982 2243 1135 2307 scholium
1158 2244 1284 2309 nititur.
1309 2244 1425 2310 Nonne
1448 2268 1515 2332 per·

386 2361 500 2424 mirum
535 2366 583 2422 est
618 2357 824 2436 scholiastam,
858 2379 951 2441 quem
987 2357 1043 2421 hoc
1073 2379 1135 2421 non
1166 2357 1288 2438 lateret,
1321 2358 1514 2444 Aeschylum

385 2474 571 2550 nominasse,
607 2470 779 2556 Eurpidem
812 2471 937 2536 silentio
971 2471 1185 2556 praeteriisse?
1225 2471 1295 2535 Imo
1331 2472 1416 2537 omni
1450 2475 1538 2556 veri,

385 2588 488 2675 specie
518 2593 613 2664 caret,
638 2584 889 2670 Dicaeopolidem
914 2608 973 2649 vss.
987 2585 1173 2649 ees-346
1198 2584 1406 2670 Aeschyleum
1429 2584 1516 2653 Tele·

386 2702 484 2789 phum
515 2702 709 2787 expressisse,
742 2722 814 2765 cum
845 2701 931 2764 etin
955 2699 993 2764 iis
1015 2720 1094 2783 qnae
1118 2699 1310 2785 praecedunt
1334 2702 1397 2766 317
1424 2709 1457 2764 et
1481 2701 1514 2765 in

385 2817 424 2881 iis
456 2838 540 2900 quae
576 2822 754 2900 sequuntur
788 2816 962 2878 asa-555
993 2837 1055 2877 non
1087 2812 1249 2898 Aeschylei
1273 2814 1327 2878 sed
1350 2813 1515 2900 Euripidei

386 2929 514 3016 Telephi
538 2937 644 3015 partes
667 2937 749 3013 agat.

431 3043 656 3125 Quaerendum
681 3051 728 3107 est
750 3043 826 3127 quid
846 3043 941 3108 errori
960 3065 1066 3108 ansam
1086 3043 1159 3107 dare
1178 3044 1329 3129 potuerit.
1355 3043 1514 3129 Scriptum

385 3160 458 3238 fuit,
483 3160 517 3223 ni
540 3157 642 3236 fallor,
665 3157 698 3221 in
717 3156 850 3222 scholio:
871 3158 920 3222 τὸν
939 3157 1149 3238 spartiatas
1169 3158 1237 3221 sine
1256 3163 1365 3242 poetae
1376 3159 1513 3224 nomine.

387 3271 578 3338 scholiastae
608 3271 641 3335 in
671 3277 776 3334 mente
798 3270 861 3334 luit
882 3270 1058 3357 Euripides,
1083 3272 1138 3354 qui
1160 3269 1235 3336 alibi
1256 3292 1384 3355 qnoque
1407 3271 1421 3334 ὁ
1443 3296 1514 3353 rpe-

386 3387 469 3465 γικάς
492 3385 680 3472 appellatur,
704 3407 732 3449 v.
757 3407 783 3448 c.
808 3384 911 3449 Schol.
935 3383 974 3450 Il.
995 3384 1043 3449 IV
1064 3388 1127 3449 249
1150 3385 1197 3468 (fr.
1217 3385 1295 3449 Eur.
1316 3387 1393 3469 345)
1412 3379 1514 3450 Philo.

385 3506 410 3563 t.
442 3497 488 3563 ΙΙ.
521 3521 551 3584 p.
587 3500 661 3576 537,
692 3498 767 3577 887,
800 3498 848 3563 ed.
878 3497 1012 3583 Mangey
1044 3506 1067 3562 t.
1096 3497 1142 3561 Π.
1166 3520 1196 3583 p.
1223 3500 1274 3579 53,
1300 3502 1383 3576 469;
1408 3507 1516 3584 postea

385 3611 466 3676 alius
496 3612 577 3695 quis,
602 3612 657 3697 qui
682 3612 789 3675 drama
812 3611 1018 3698 Euripideum
1041 3634 1104 3676 non
1128 3619 1266 3690 noverat,
1290 3634 1404 3677 nomen
1431 3613 1516 3678 addi·

388 3725 437 3789 dit
460 3725 617 3811 Aeschyli.

432 3837 590 3917 Ceterum,
623 3839 745 3903 collatis
778 3837 961 3904 Mnesilochi
991 3837 1092 3903 verbis
1123 3838 1246 3905 Thesm.
1273 3843 1337 3904 998
1361 3863 1440 3925 sqq,
1465 3865 1516 3929 ap

317 4008 322 4015 .
385 3960 475 4040 paret
504 3952 749 4039 Aristophanem
780 3952 812 4016 in
834 3951 1085 4018 Acharnensibus
1109 3975 1157 4017 res
1180 3954 1339 4018 imitatum
1363 3978 1428 4020 esse
1453 3979 1514 4022 non

385 4067 488 4133 uerba.
513 4065 566 4132 Τὰ
589 4066 716 4144 μεγάλαι
739 4065 825 4141 etun
846 4074 900 4140 τῆς
919 4067 1085 4148 τραγῳδίας
1105 4067 1268 4148 cluoneda,
1291 4075 1329 4132 ut
1341 4070 1386 4133 ait
1399 4069 1515 4150 Schol,

386 4204 450 4247 non
484 4181 657 4246 dictionem
691 4180 853 4263 tragicam.
889 4180 1049 4267 Euripidis
1081 4181 1209 4245 fortasse
1238 4188 1286 4245 est
1318 4182 1454 4249 κατάθου
1482 4186 1516 4250 τὸ

385 4293 483 4371 βέλος.
516 4292 714 4358 Vocabulum
747 4292 836 4370 βέλος
859 4292 905 4357 bis
928 4302 1146 4380 praeterquam
1170 4294 1319 4360 hocloco
1342 4296 1375 4360 in
1389 4298 1516 4362 Aristo·

385 4409 490 4495 phane
523 4409 659 4494 legitur:
695 4407 788 4493 Vesp.
826 4411 889 4473 615
925 4407 981 4473 ubi
1016 4409 1188 4474 Homerum
1198 4436 1207 4487 ;
1243 4411 1302 4474 Au.
1342 4411 1428 4475 1714
1459 4410 1516 4476 nbi

388 4522 593 4608 Aeschylum,
617 4534 655 4588 ut
676 4523 811 4604 videtur,
838 4523 990 4588 imitatur.
