3592 5484
716 749 1067 795 mesnoonoarraosrn.
1368 735 1430 799 127

331 919 421 985 nullo
443 926 535 1005 pacto
559 919 698 982 ίιϊιιοοΙιιιι
722 917 821 982 valere
839 925 942 1003 potest·
961 940 1062 1003 neque
1082 918 1120 982 de
1140 917 1360 1002 prehendenda
1382 918 1452 1005 Scy-

331 1035 388 1099 tha
411 1055 511 1098 sermo
534 1039 589 1096 est.

332 1259 387 1327 Vs.
413 1252 520 1323 1019.
555 1256 662 1331 κλύεις,
685 1253 706 1322 ὦ
728 1260 878 1339 προσαυδῶ
901 1257 933 1323 οὲ
955 1259 1011 1324 ταν
1033 1261 1062 1324 ἒν
1088 1259 1199 1342 ἄντροις

556 1371 743 1450 κατάνευσον,
767 1371 851 1437 ἔασον
874 1374 911 1445 ὥς

559 1485 611 1560 τὴν
635 1485 764 1565 γυναῖκα
786 1487 821 1564 μ’
844 1487 942 1551 ἐλθεῖν.

379 1601 482 1667 Schol.
512 1601 581 1682 πρὸς
610 1599 663 1673 τὴν
693 1600 780 1679 Ἠχὼ
811 1600 993 1677 Ἀνδρομέδα
1016 1600 1096 1679 λέγει
1117 1604 1373 1683 ,,οιροσαιδουοσαι
1398 1603 1454 1678 τας

333 1719 363 1783 ἐν
392 1715 504 1798 ἄντροις
531 1713 688 1779 carrara
710 1712 793 1779 ἔασον
816 1714 913 1794 Ἀχοῖ
933 1739 974 1793 με
996 1715 1048 1779 σὺν
1072 1715 1177 1797 φίλαις
1200 1722 1268 1795 νόον
1292 1717 1375 1782 πόθον
1400 1733 1456 1782 λα-

334 1830 431 1911 parv?
453 1828 504 1894 Fr.
531 1831 605 1893 118.
629 1825 690 1892 Pro
712 1828 868 1892 οὶιιόιιασον
892 1827 1011 1893 Seidler
1033 1829 1216 1909 οὶοιόιιαυσον,
1236 1830 1290 1896 scd
1302 1853 1409 1895 vereor
1421 1840 1458 1894 ut

334 1944 410 2010 satis
439 1938 589 2008 fulciatur
616 1942 692 2006 haec
722 1941 814 2006 lectio
842 1964 902 2007 usu
931 1943 1106 2030 imperativi
1136 1945 1230 2008 activi
1261 1949 1349 2009 παῦε.
1373 1943 1458 2010 Nam

333 2057 460 2123 nullum
491 2055 579 2121 aliud
601 2055 728 2141 reperiri
751 2062 854 2141 potest
875 2064 1096 2140 argumentum
1120 2079 1183 2142 quo
1206 2055 1357 2143 probetur
1379 2059 1457 2123 οὶιιδ-

334 2195 448 2236 ιτανσον
484 2170 587 2235 valere
621 2170 806 2234 ἀποπαῦσαι.
838 2168 912 2234 Non
944 2178 1028 2235 certe
1059 2193 1130 2234 cum
1163 2169 1322 2255 Wagnero
1353 2194 1460 2257 provo

335 2307 405 2349 care
434 2284 511 2348 licet
534 2283 573 2347 ad
597 2281 689 2368 Soph.
715 2282 792 2347 Oed.
818 2282 884 2348 Col.
911 2285 993 2349 1777
1018 2283 1090 2348 αλλ’
1118 2285 1290 2349 ιὶιιοιιαύετε
1314 2286 1385 2362 μηδ’
1410 2284 1460 2349 ἐπὶ

336 2398 426 2463 πλείω
455 2396 460 2486 Ι
486 2399 579 2478 θρῆνον
613 2397 743 2477 ἐγείρετε,
780 2395 835 2460 ubi
869 2397 1042 2462 οἷοιοπαύετε
1076 2396 1233 2463 obiectum
1270 2396 1363 2462 habat
1397 2400 1456 2479 θρῆ-

336 2536 391 2577 νον.
423 2510 546 2575 Deinde
577 2510 772 2574 coniacturac
802 2511 869 2591 πρὸς
892 2511 997 2582 Διδοῦς
1021 2511 1064 2585 σε’,
1089 2533 1169 2594 quae
1193 2511 1353 2596 ingeniosa
1376 2519 1460 2577 certe

335 2631 383 2690 est
418 2631 450 2688 et
484 2623 623 2711 proxime
654 2622 693 2686 ad
723 2623 837 2688 codicis
868 2623 974 2688 literas
997 2623 1125 2705 accedit,
1150 2623 1390 2689 anteferendum
1414 2633 1461 2690 eat

336 2738 510 2806 Hermanni
543 2737 693 2818 προσαυδῶ
724 2737 766 2802 σε’.
796 2737 870 2803 Non
900 2738 982 2802 enim
1013 2737 1103 2802 video
1126 2760 1222 2823 quare
1246 2738 1457 2820 Andromeda,

335 2853 457 2919 etiamsi
487 2859 649 2917 teneamus
678 2874 744 2915 eam
768 2850 883 2915 nudam
908 2851 948 2916 ad
970 2875 1080 2916 saxum
1103 2852 1265 2938 alligatam
1289 2875 1354 2918 esse
1378 2877 1459 2939 ιιρνιι-

333 2969 423 3052 pham
445 2966 533 3032 Echo
552 2989 606 3049 ρον
628 2966 773 3030 Prcdorenr
796 2963 981 3031 obtestatum
1004 2974 1084 3031 esset
1107 2974 1143 3032 at
1165 2975 1286 3033 taceret.
1308 2966 1356 3032 Cf.
1369 2965 1460 3031 Ribb.

337 3081 416 3146 Aah.
442 3080 526 3145 Anh.
551 3102 582 3165 p.
607 3081 681 3143 290.

350 3219 355 3228 ·
381 3195 422 3260 In
452 3195 613 3280 tragoedia
643 3216 706 3258 non
737 3193 852 3273 statim,
882 3195 963 3258 sieut
984 3194 1017 3258 in
1042 3195 1200 3259 comoedia
1223 3194 1255 3258 h.
1280 3194 1313 3272 l.,
1338 3217 1461 3259 versum

339 3311 424 3373 1019
446 3314 517 3393 post
534 3306 627 3371 verba
646 3330 689 3371 vs.
712 3308 794 3370 1015
816 3329 881 3391 sqq.
895 3314 1096 3372 consecutum
1109 3331 1173 3372 csse
1187 3309 1237 3371 vix
1250 3330 1327 3393 opus
1340 3316 1388 3372 est
1399 3331 1464 3393 mo·

337 3446 422 3488 nere.
454 3420 556 3486 Sohol.
590 3420 638 3486 δια
661 3422 693 3486 τὸ
716 3420 883 3499 λαμβάνειν
905 3420 1141 3499 οὶιιοσπιὲσμαια
1163 3421 1321 3487 ιὲούνδετοο
1345 3425 1378 3488 τὸ
1400 3421 1464 3487 ὅλον

338 3536 459 3615 γίνεται.
492 3535 577 3598 Ante
603 3535 640 3598 fr.
676 3537 737 3597 118
772 3537 825 3618 (vs.
853 3536 948 3617 1019)
972 3557 1119 3599 resonans
1142 3533 1249 3600 Echus
1274 3558 1331 3599 vor
1354 3534 1462 3600 audita

338 3650 435 3715 fucrit
458 3671 582 3712 necesse
605 3655 661 3711 est.
686 3646 780 3711 Porro
803 3645 1027 3711 observandum
1049 3654 1096 3711 est
1116 3647 1357 3734 Aristophanem
1379 3648 1463 3714 hisce

337 3762 500 3847 Euripidis
527 3760 628 3825 verbis
658 3759 705 3824 bis
734 3760 792 3839 uti,
821 3760 879 3824 lroc
907 3761 975 3824 loco
999 3768 1030 3825 et
1053 3783 1096 3824 vs.
1123 3761 1218 3839 1077,
1243 3760 1298 3825 ubi
1320 3761 1465 3846 interpel-

336 3875 456 3940 lantem
480 3873 566 3938 Eeho
589 3882 626 3937 ut
647 3881 750 3938 tacere
774 3873 851 3936 velit
874 3872 1013 3937 obsecrat
1036 3872 1267 3938 Mnesilochus:

696 3985 780 4051 ἔασόν
804 4011 844 4063 με
867 3986 1042 4066 μονῳδῆσαι,

565 4098 616 4164 καὶ
639 4106 741 4179 χαριεῖ
761 4123 818 4177 μοι.
844 4105 967 4163 παῦσαι.

383 4213 459 4278 Iure
484 4237 542 4278 vss.
569 4215 784 4277 1015-1021
812 4212 1005 4277 Mnesilocho
1025 4213 1162 4278 reddidit
1180 4214 1270 4293 Beer,
1293 4214 1396 4282 Ueber
1416 4194 1467 4283 die

339 4313 417 4392 'zahl
446 4326 501 4391 der
524 4325 741 4412 Schauspieler
765 4326 814 4391 bei
838 4329 946 4412 Ar.·p.
974 4329 1046 4390 166.
1071 4327 1145 4393 Non
1168 4329 1292 4414 quidem
1318 4332 1346 4395 ei
1369 4353 1469 4396 assen-

340 4441 404 4505 tior
436 4438 656 4505 contendenti:
687 4438 812 4518 „Wiire
843 4439 1010 4525 Euripides
1041 4441 1108 4506 hier
1136 4442 1233 4507 schon
1257 4443 1467 4528 aufgctreten,

341 4577 406 4635 „so
436 4554 555 4620 konnte
583 4577 616 4619 er
647 4555 737 4620 nicht
757 4555 853 4620 sehon
876 4577 920 4619 vs.
947 4558 1031 4621 1021
1057 4557 1108 4621 die
1130 4555 1242 4622 Biihne
1266 4558 1378 4623 wieder
1403 4582 1469 4625 ver·
