3592 5484
269 755 277 768 Ι
360 663 424 727 172
721 682 725 687 ·
842 680 959 726 nanum

335 850 385 916 dis
406 850 458 923 sit.
482 849 559 934 quid
584 848 812 935 Aristophanis,
837 848 1001 913 enucleare
1023 872 1087 914 non
1111 871 1287 934 possumus.
1313 848 1396 915 Cum
1420 856 1467 914 ta·

334 969 426 1026 ceant
456 962 645 1027 Scholiastae
667 971 724 1026 aut
746 961 961 1028 dissimiliores
983 964 1083 1027 citent
1104 962 1200 1041 locos,
1224 963 1393 1029 verisimile
1418 971 1467 1028 est

333 1077 483 1162 pleraque
512 1100 531 1140 a
559 1078 679 1142 comico
699 1078 738 1141 ad
762 1076 951 1162 Euripideac
974 1099 1102 1161 poeseos
1125 1099 1268 1141 normam
1292 1099 1358 1142 me
1381 1078 1465 1142 fieta.

336 1190 387 1255 Ad
418 1212 462 1253 vs.
496 1192 580 1253 1331
612 1190 814 1275 Asclepiades
837 1191 915 1254 citat
936 1187 1012 1254 Heu
1039 1193 1081 1254 68
1104 1211 1191 1274 sqq.;
1216 1191 1390 1276 comparari
1412 1212 1465 1278 po

335 1310 399 1368 test
428 1302 499 1389 Iph.
527 1303 622 1369 Taur.
656 1306 718 1368 150
751 1311 784 1368 et
806 1304 916 1388 fragm.
939 1303 1159 1369 Andromedae
1184 1308 1258 1369 114.
1283 1305 1465 1392 Aristophu

335 1439 406 1481 nem
438 1417 600 1481 monodias
629 1440 647 1479 a
679 1417 838 1501 tragoedia
866 1417 984 1482 alienas
1007 1417 1162 1483 indicasse
1185 1425 1316 1505 apparet
1338 1401 1464 1504 qnoque

336 1529 374 1594 fr.
399 1529 506 1616 Geryt
533 1533 598 1595 202
622 1538 655 1594 et
673 1529 752 1595 Rau.
778 1534 853 1596 849.

271 1758 273 1762 ’
337 1756 393 1821 Vs.
419 1748 526 1819 1334.
561 1756 670 1836 ψυχὰν
689 1757 812 1836 ἄψυχον
835 1755 955 1837 ἔχοντα.

382 1870 429 1935 Cf.
453 1874 568 1948 πότμος
591 1869 726 1948 ἄπστμος
749 1869 847 1957 Hipp.
874 1873 970 1948 1144,
995 1869 1114 1935 Phoen.
1137 1873 1242 1950 1306;
1262 1869 1364 1949 γάμος
1384 1870 1464 1949 ἄγοι-

337 2009 393 2062 μσς
416 1983 490 2049 Hel.
515 1987 579 2048 690
586 2012 595 2062 ;
619 1984 681 2057 όδὸς
703 1983 804 2056 ἄνοδος
826 1983 896 2069 Iph.
921 1983 1016 2049 Taur.
1038 1987 1120 2063 8893
1140 1983 1262 2061 οὶβόοσος
1281 1983 1347 2061 βίον
1364 1984 1461 2071 Hipp.

226 2073 232 2083 ⁸
337 2100 399 2161 821
425 2104 458 2162 et
478 2098 604 2175 similia,
626 2119 708 2180 qnae
730 2098 824 2160 etiarn
847 2096 953 2161 latini
975 2097 1090 2162 imitati
1109 2105 1187 2162 sunt
1205 2105 1317 2183 poetae
1335 2105 1375 2162 nt
1393 2098 1465 2164 Ovi·

338 2211 410 2276 dius
435 2213 490 2295 qui
513 2211 593 2277 Met.
616 2211 652 2276 Π
677 2213 738 2274 627
762 2213 875 2289 „insta
898 2213 1046 2276 iniusta''
1411 2203 1413 2206 Α

337 2436 393 2502 Vs.
422 2428 527 2501 1337.
564 2438 655 2516 Φόννοι
677 2437 767 2516 Φόννσ
790 2437 964 2516 δερκόμενον.

382 2550 500 2615 Iterato
524 2549 617 2615 verba
640 2572 827 2635 magnopere
850 2551 1002 2636 placuisse
1022 2549 1169 2636 Euripidi
1188 2573 1279 2615 nemo
1298 2553 1399 2617 nescit
1409 2555 1466 2637 qni

337 2664 406 2728 eius
439 2665 578 2728 dramata
613 2665 792 2751 inspexerit.
824 2663 896 2728 Non
928 2664 1043 2728 desunt
1071 2665 1104 2728 in
1136 2664 1204 2750 ipso
1235 2664 1399 2751 Aeschylo,
1428 2672 1466 2730 ut

337 2777 448 2863 Suppl.
481 2780 556 2856 836,
588 2780 663 2856 837,
689 2781 764 2859 838,
790 2781 851 2842 861
877 2787 910 2842 et
932 2778 1018 2858 alibi,
1044 2777 1099 2843 sed
1122 2779 1157 2842 in
1179 2778 1331 2865 Euripide
1354 2781 1465 2866 saepis·

335 2890 413 2954 aime
447 2890 654 2955 inveniuntur
679 2889 734 2954 ubi
763 2893 917 2956 sententia
947 2914 1010 2956 non
1041 2891 1194 2977 postulat,
1218 2891 1282 2955 imo
1305 2898 1400 2972 vetat,
1423 2900 1462 2957 ut

333 3003 367 3067 iu
400 3005 547 3069 monodia
577 3003 710 3090 Phrygis
741 3004 797 3069 Or.
832 3008 916 3069 1426
948 3005 1080 3085 Φρυγίοις
1108 3003 1226 3084 ἔτυχον,
1252 3007 1398 3086 Φρυγίοισι
1422 3007 1464 3072 νό-

335 3141 401 3195 μοις
422 3115 428 3204 Ι
447 3117 530 3196 σορόν
552 3117 718 3198 βόστρυχον
740 3117 830 3198 μόρον
852 3117 944 3199 μόραν
964 3117 970 3206 Ι
991 3118 1118 3191 Ἑλένοιο
1136 3117 1262 3190 Ἑλένας
1282 3121 1394 3197 εὐτᾶγι
1411 3119 1463 3184 κό-

334 3245 405 3310 κλῳ.
438 3228 560 3295 Deinde
591 3254 649 3294 sss.
684 3233 779 3308 1444,
814 3234 908 3312 1454,
944 3235 1040 3309 1456,
1073 3234 1171 3310 1468,
1198 3233 1294 3311 1479,
1320 3234 1405 3296 1481
1430 3240 1464 3298 et

334 3345 517 3409 sexcenties.
541 3344 592 3411 Cf.
616 3344 696 3409 Ron.
722 3347 806 3409 1353
829 3367 895 3430 sqq.

334 3568 389 3634 ἵε.
415 3561 521 3632 1338.
556 3569 643 3634 ἄλλό
664 3593 723 3649 μον,
745 3568 924 3648 ἀμφίπολον,
947 3567 1058 3647 λύχνον
1080 3565 1187 3647 ἅψατε

558 3685 686 3748 κόλπισό
705 3682 733 3748 τ’
756 3684 789 3747 ἐκ
808 3687 952 3760 ποταμῶν
971 3682 1068 3774 δρόσον
1086 3680 1188 3762 ἄρατε,
1209 3681 1327 3762 όόρμετε
1339 3682 1366 3747 δ’
1379 3680 1451 3763 ὕδωρ

559 3799 600 3870 ὡς
622 3796 658 3861 ἂν
679 3799 751 3861 θεῖον
771 3795 870 3875 ὄνειρον
893 3795 1063 3860 ἀποκλύσω.

378 3911 482 3975 Schol.
515 3912 713 3982 Ἀπολλώνιος
736 3909 819 3989 rapit
841 3908 881 3971 τόν
903 3910 936 3973 ἐκ
960 3913 1016 3971 τῶν
1040 3908 1214 3985 Τημεννδῶν
1240 3907 1284 3990 (in
1308 3908 1377 3972 cod.
1401 3909 1461 3973 Εὖ-

333 4025 495 4110 petrau).
527 4023 599 4088 Filii
631 4022 757 4087 Temeni
788 4022 919 4087 inerunt
945 4020 1080 4106 Cerynes
1104 4028 1137 4084 et
1159 4019 1302 4100 Phalces,
1327 4042 1462 4105 qnorum

333 4161 419 4203 soror
454 4137 619 4222 Hyrnetho
656 4136 828 4223 Deiphouti
859 4144 1019 4221 nupserat.
1052 4134 1116 4216 Qui
1148 4157 1220 4199 cum
1250 4142 1340 4220 patre
1363 4136 1464 4200 oeciso
1527 4127 1529 4130 ’

333 4252 531 4337 Epidaurum
562 4259 725 4331 venerunt,
747 4250 911 4335 Hyrnetho
934 4272 1038 4315 secum
1064 4249 1213 4315 reducere
1237 4249 1409 4314 voluerunt
1430 4257 1463 4314 et

331 4372 497 4449 postquam
520 4364 637 4429 frustra
659 4388 677 4427 a
700 4365 812 4429 marito
835 4363 983 4428 divellere
1007 4364 1112 4428 conati
1137 4369 1224 4443 sunt,
1245 4362 1377 4427 Phalces
1396 4384 1463 4426 enm

332 4478 501 4544 interfecit.
537 4477 674 4544 Videtur
702 4479 762 4543 hoo
791 4477 939 4543 dramatis
968 4484 1194 4564 argumentum
1226 4476 1333 4541 luisse.
1360 4474 1464 4542 Verba
