3592 5484
648 633 769 678 aeona.
793 634 1044 680 raacoamaeun
1067 634 1103 679 nr
1125 635 1257 682 murno.
1428 621 1490 683 203

391 800 493 887 Epim.
525 783 587 864 ΙΙῘ.
619 800 714 864 Recte
744 799 850 886 Lange
879 824 928 887 ap.
959 800 1062 865 Schm.
1087 825 1115 866 a.
1139 802 1171 867 h.
1196 801 1237 865 l.:
1262 812 1431 881 „ceterum
1455 805 1512 870 hac

390 903 597 981 „narratione
626 909 845 987 argumentum
876 902 1000 967 fabulae
1029 903 1175 987 tragicae,
1200 903 1337 967 fortassis
1361 903 1512 992 Melanip

357 1004 359 1007 ’
390 1026 473 1089 „pes
505 1002 686 1067 deamotidis
716 1003 903 1090 Euripideae
926 1005 1080 1069 contineri
1103 1027 1140 1068 ex
1165 1003 1267 1069 verbis
1291 1006 1392 1091 primo
1415 1008 1510 1119 capiti

390 1104 518 1183 „illatis
541 1112 604 1182 „at
626 1106 683 1167 alii
697 1113 768 1188 poet
768 1129 804 1169 ac
825 1107 948 1171 dicarat'
972 1112 1110 1192 apparet.

437 1208 466 1271 7.
491 1204 612 1268 Fabula
640 1208 660 1268 4
686 1205 869 1271 inscribitur
891 1207 950 1271 Ino
973 1207 1144 1294 Euripidis.
1172 1207 1263 1273 Hanc
1286 1209 1422 1295 spuriam
1447 1233 1511 1275 esse

391 1307 572 1371 existimant
594 1305 780 1371 Bursianet
804 1308 947 1372 Schmidt
934 1316 1069 1396 tneque
1093 1331 1174 1394 nego
1199 1332 1264 1373 eam
1290 1333 1353 1374 non
1374 1310 1510 1376 eiusdem

390 1432 455 1472 csse
488 1431 600 1473 manua
629 1409 718 1473 cuins
749 1417 824 1474 sunt
855 1410 916 1474 fab.
943 1414 1049 1490 1.-a;
1071 1418 1211 1475 attamen
1234 1418 1363 1496 apparet
1387 1434 1423 1475 ea
1446 1413 1514 1499 ipsa

390 1510 448 1574 bac
471 1509 720 1595 interpolatione,
743 1510 825 1574 inter
849 1534 900 1575 eos
923 1512 978 1595 qui
1002 1511 1122 1597 Hygini
1142 1510 1263 1576 fabulae
1276 1515 1512 1578 retractaverint

390 1612 485 1676 fuisse
509 1611 643 1695 aliquem
669 1613 719 1675 cui
744 1620 884 1675 aeterum
909 1611 1085 1676 dramatum
1104 1621 1290 1698 argumenta
1305 1620 1380 1677 nota
1400 1623 1511 1679 essent.

434 1717 464 1776 8.
489 1711 539 1776 ad
581 1711 717 1776 fabulam
761 1716 780 1776 8
822 1736 884 1777 non
922 1713 1154 1799 provocandum
1196 1736 1261 1778 ease
1295 1716 1334 1779 ad
1371 1738 1434 1779 rem
1471 1716 1510 1781 de

390 1835 452 1898 qna
484 1814 606 1898 agimus
636 1813 866 1878 diiudicandam
897 1815 1069 1879 Schmidtio
1098 1813 1235 1879 libenter
1264 1817 1410 1895 concedo,
1434 1819 1511 1901 quin

388 1916 483 1979 etiam
519 1914 716 1979 concederem
747 1917 772 1978 si
800 1914 924 2000 probari
955 1923 1059 2000 posset
1086 1939 1153 1980 eam
1186 1917 1355 2001 genuinam
1386 1941 1451 1982 esse
1475 1919 1510 2005 ¹).

388 2016 434 2081 Ut
464 2016 600 2080 vidimus
629 2040 697 2103 pag.
730 2020 803 2095 199,
831 2016 974 2081 Schmidt
1004 2017 1065 2081 lab.
1099 2020 1117 2080 8
1148 2017 1366 2102 interpolatori
1384 2020 1512 2085 redden·

389 2119 460 2183 dam
497 2142 561 2182 esse
599 2119 710 2183 statuit
748 2119 822 2203 quia
853 2126 923 2205 post
957 2117 1018 2182 fab.
1053 2119 1069 2181 7
1102 2118 1175 2182 ferri
1207 2119 1330 2203 nequit.
1362 2119 1435 2185 Non
1467 2128 1512 2186 ta-

390 2243 473 2301 men,
506 2243 556 2284 me
586 2220 711 2304 quidem
743 2219 856 2300 iudice,
885 2218 942 2283 hac
966 2219 1180 2284 observatione
1204 2223 1345 2303 quaestio
1369 2221 1511 2288 absoluta

389 2329 437 2384 est
467 2344 539 2386 cum
569 2322 601 2385 in
631 2322 696 2406 ipsa
730 2320 790 2385 fab.
823 2323 839 2384 7
872 2321 1004 2405 vestigia
1031 2322 1210 2436 argumenti
1241 2321 1404 2407 Euripidei
1426 2347 1511 2409 repe·

388 2423 520 2487 riantur.
558 2424 643 2486 Haec
676 2421 785 2485 babet:
823 2424 976 2504 „Aritiape
1010 2423 1092 2506 byct
1079 2423 1121 2484 tei
1147 2422 1203 2506 fil'
1192 2446 1221 2485 ια
1252 2424 1288 2486 ab
1319 2423 1431 2506 Epopeo
1459 2448 1512 2507 per

387 2526 486 2588 dolum
518 2532 562 2586 eat
597 2531 752 2605 ataprotza
782 2524 883 2606 itaque
912 2547 931 2586 a
963 2446 1062 2605 Ercoy
1072 2524 1135 2587 ciro
1156 2546 1210 2587 auo
1232 2524 1324 2587 eiecta
1346 2532 1399 2588 eal.
1378 2526 1513 2590 (Hanc

389 2626 510 2688 cidnum
545 2625 662 2707 Iupiter
690 2625 863 2707 comprecait.
895 2627 935 2687 Ac
966 2624 1065 2708 Lycur
1097 2625 1209 2687 Dircen
1240 2625 1272 2687 in
1296 2625 1512 2691 naatrimonicm

385 2727 482 2804 decrit,
513 2726 562 2790 cui
592 2725 716 2807 auspicio
747 2725 853 2788 incidit
881 2725 977 2788 virum
998 2748 1084 2788 auram
1106 2727 1182 2788 clam
1207 2748 1272 2788 cum
1294 2726 1422 2808 Anticyra
1446 2749 1510 2791 con·

384 2828 532 2891 ambulare:
560 2827 661 2909 itaque
690 2826 844 2908 imperavit
866 2827 1003 2909 familia
1034 2834 1069 2889 ut
1092 2849 1155 2889 cam
1178 2827 1211 2889 in
1235 2827 1360 2890 tenebris
1382 2829 1510 2893 cinctam

385 2929 566 2991 clauderent.
606 2927 662 2989 Cui
692 2933 846 3011 postquam
873 2935 980 3008 partae
1011 2928 1154 3005 inabitat,
1185 2927 1293 3012 effugit
1324 2950 1360 2990 ea
1381 2930 1508 2994 vinculis

417 3190 434 3248 Ι)
446 3186 554 3236 Fabulae
578 3185 639 3234 Vlll
662 3185 751 3233 titulus
776 3191 844 3244 eat„
855 3184 945 3234 Eadem
965 3186 991 3246 (i.
1010 3202 1029 3234 c.
1050 3187 1169 3251 Antiopa)
1187 3186 1315 3251 Euripidia
1335 3204 1406 3252 quam
1421 3191 1507 3239 scribit

385 3267 533 3326 „Ennius”;
560 3265 671 3314 continet
698 3265 774 3328 igitur
797 3271 968 3329 argumentum
992 3267 1116 3331 Antiopae
1140 3282 1190 3315 non
1216 3267 1342 3331 Euripidis
1370 3268 1410 3316 aad
1428 3269 1512 3319 Ennii.

384 3347 455 3412 Qui
449 3362 474 3394 ni
495 3345 616 3410 plerisque
636 3343 779 3408 Euripidem
797 3344 910 3392 imitatae
928 3362 979 3394 caea
998 3346 1128 3404 videtur,
1121 3362 1148 3395 ra
1166 3346 1296 3395 aonaullia
1312 3347 1343 3394 ab
1362 3363 1390 3396 eo
1400 3348 1511 3410 discedit

384 3433 411 3474 ut
436 3430 537 3489 apparet
561 3422 730 3486 etragoediae
749 3423 824 3472 exitu.
843 3423 939 3472 Ennius
957 3424 1017 3472 baec
1035 3425 1120 3474 finxit:
1146 3426 1259 3484 „Dircen
1275 3427 1310 3474 ad
1325 3432 1421 3474 tauram
1439 3413 1512 3477 eiici-

384 3506 427 3552 bae
454 3503 584 3566 religatam
609 3507 703 3551 necant.
729 3503 818 3567 Lycum
843 3519 895 3551 cum
920 3503 1030 3552 occidere
1055 3506 1153 3562 vellent,
1178 3505 1255 3553 vetuit
1272 3521 1313 3554 eos
1332 3505 1472 3556 Mercurius
1489 3512 1513 3556 et

383 3584 457 3632 merul
472 3582 546 3630 iussit
562 3583 650 3647 Lycum
667 3583 797 3631 concedere
813 3599 912 3646 regnum
932 3584 1089 3646 Amphioni.”
1107 3584 1240 3649 Euripides
1259 3592 1345 3634 contra
1363 3587 1393 3635 ir.
1412 3586 1473 3636 225:

652 3661 721 3714 Ζῆθον
738 3661 781 3719 μὶν
799 3657 873 3709 inicia
890 3662 964 3722 ἁγνὸν
982 3660 1005 3718 tc
1023 3660 1107 3724 Θήβης
1124 3661 1194 3711 πέδον

651 3739 720 3787 alarin
737 3738 834 3795 κιλιύω,
850 3741 891 3787 τὸν
909 3738 935 3788 ll
952 3740 1135 3800 uweraa'rrma

651 3821 745 3874 caerulea
762 3816 863 3874 'Atticae
880 3815 978 3878 ἐκπερᾶν
999 3819 1125 3880 Ἀμφίονα

416 3897 465 3946 Pro
486 3893 562 3945 nam
579 3897 668 3945 Jacoba
684 3894 779 3953 talcar,
796 3897 873 3945 Mein.
889 3893 971 3945 tvtbt’
990 3897 1029 3946 vel
1051 3895 1118 3947 aaa.

417 3976 509 4041 Sponte
527 3975 681 4039 intellegitur
698 3976 744 4025 hoc
760 3977 835 4034 exitu,
854 3977 894 4040 qui
912 3976 1052 4040 tragoediae
1066 3977 1174 4026 Athenio
1188 3976 1273 4027 deame
1289 3979 1431 4043 aptiaaimua
1450 3986 1511 4038 arat,

383 4056 504 4119 tragicum
526 4057 642 4105 Latinum
661 4057 697 4104 uti
715 4073 765 4105 non
781 4057 898 4121 potniaae.

417 4133 508 4183 Eadem
531 4151 559 4184 ac
583 4135 630 4184 fab.
654 4134 717 4187 VlIl
739 4135 813 4184 babet
835 4135 916 4185 Schol.
937 4137 984 4199 Ap.
1005 4134 1083 4184 Rbod.
1104 4135 1139 4185 1v
1160 4137 1239 4186 109⁰:
1259 4137 1284 4185 oi
1299 4136 1325 4186 u
1334 4176 1403 4187 .....
1422 4137 1466 4194 τὴν
1484 4137 1509 4187 n

385 4214 469 4273 Δίρκην
493 4211 519 4279 ἐξ
535 4214 618 4275 ἇγιίον
635 4214 721 4275 ταύρου
739 4213 912 4276 epactetum:
930 4213 1094 4275 deuota-‘pavet
1115 4215 1337 4275 accumulamur
1355 4215 1381 4265 tl
1397 4218 1439 4264 ria
1456 4216 1508 4266 Λύ-

382 4310 430 4350 κον,
457 4293 487 4349 ὣς
513 4290 654 4350 intueare-tc
679 4294 722 4349 τὴν
748 4295 883 4350 ’,Αντιόπην
906 4293 1027 4354 cedmae
1048 4291 1158 4352 lusanae.
1185 4294 1273 4353 'tante
1296 4292 1355 4343 δὲ
1346 4295 1457 4352 ruciam,
1475 4302 1509 4358 τῷ

382 4368 528 4432 ΛῦκῳδΓ
490 4369 630 4432 texuerit
648 4377 690 4429 τῆς
707 4373 834 4434 βασιιιῐιις
851 4370 1000 4436 προσέταξεν.
1019 4371 1111 4421 Haaait
1129 4389 1157 4422 ex
1176 4373 1260 4422 eodem
1276 4374 1345 4422 forte
1360 4390 1387 4422 ac
1403 4375 1507 4440 acriptor

384 4450 483 4501 fabulae
500 4449 570 4500 VIII.
