3592 5484
725 638 964 697 somnnnnsns.
1342 621 1381 686 17

269 759 446 876 7ιιοῐοήίοιιο
473 807 553 873 nihil
582 807 658 889 oerti
687 807 766 873 effici
787 814 902 895 potest.
926 805 965 871 In
989 814 1116 893 promtu
1139 813 1206 871 erat
1226 807 1400 895 Telephum

284 925 421 1021 indicare
448 923 500 988 oui
523 921 654 986 dramati
674 922 852 1008 saepissime
874 922 909 986 in
931 920 1010 987 Aah.
1033 921 1148 986 alludit
1172 922 1403 1009 Aristophanes.

286 1156 340 1224 Vs.
363 1150 446 1223 478.
491 1257 493 1261 ,
654 1114 659 1124 Ι
711 1154 858 1238 μητρόθεν
880 1156 1065 1235 δεδεγμένος.
1398 1232 1401 1244 .

328 1271 461 1337 Locutio
484 1270 637 1337 cothurno
659 1293 754 1356 quam
776 1292 864 1336 soeoo
887 1271 999 1356 aptior.
1024 1268 1198 1336 (lenierunt
1216 1272 1403 1359 interpretes

162 1367 165 1373 ⁴
285 1385 396 1452 Aesoh.
422 1383 558 1472 Choliph.
584 1387 663 1452 75οε
685 1381 717 1449 δν
739 1380 879 1466 ἐξέθρεψεν
903 1382 1049 1465 μητρόθεν
1072 1384 1243 1463 δεδεγμένη.
1360 1413 1362 1419 ’

276 1588 340 1676 ¹Vs.
365 1603 436 1675 480
461 1632 527 1695 sqq.
552 1609 692 1674 Refertos
722 1630 787 1674 esse
817 1629 926 1672 versus
957 1610 1131 1673 489-489
1153 1608 1254 1675 verbis
1278 1611 1406 1696 tragicis

286 1748 377 1791 nemo
407 1748 469 1790 non
499 1723 594 1789 videt.
626 1721 673 1788 cf.
703 1722 874 1789 ridiculum
897 1721 1037 1802 πρόβαινε
1060 1727 1107 1787 νῦν
1131 1718 1152 1787 ὦ
1173 1723 1255 1802 θυμέ
1278 1727 1353 1804 483,
1376 1732 1409 1791 et

182 1821 186 1828 ’
286 1839 390 1921 κοιρδίοο
411 1837 625 1911 δσελθεεσήν
646 1829 783 1918 κεφαλήν
805 1841 964 1917 παράσχες
990 1837 1098 1902 εἰπεῖν’
1122 1860 1165 1902 vs.
1186 1840 1261 1902 485.
1282 1837 1328 1905 cf.
1350 1838 1408 1925 Eq.

287 1954 383 2017 1194.
412 1949 452 2016 In
484 1950 572 2015 chori
603 1949 740 2015 carmine
771 1951 949 2014 490-495
978 1957 1070 2037 poeta
1092 1951 1226 2036 tragicos
1248 1952 1406 2018 doehmios

287 2065 440 2129 imitatur.
464 2062 511 2130 cf.
535 2062 727 2129 Muellerum
750 2086 778 2129 a.
803 2063 835 2128 h.
859 2062 882 2127 l.
970 2139 974 2148 Ι

287 2286 341 2352 Vs.
365 2281 571 2352 496-556.
595 2286 769 2354 Continent
795 2287 830 2352 hi
854 2310 962 2353 versus
984 2291 1062 2370 ῥήσον
1085 2288 1212 2371 μοικροὶν,
1237 2312 1331 2375 quam
1352 2290 1412 2356 Di·

286 2402 448 2489 oaeopolis,
478 2403 541 2467 iam
570 2402 732 2484 esperiae·
746 2402 949 2482 ἐμπλήμενος,
973 2401 1229 2468 Acharneneibus
1250 2404 1407 2470 recitavit.

286 2499 466 2581 Videnllum
490 2521 538 2580 eet
559 2515 696 2601 primum
719 2514 797 2600 quid
819 2537 875 2580 nos
897 2513 1030 2579 doceant
1053 2514 1249 2581 scholiastae.

288 2627 339 2693 Ad
362 2631 443 2693 496:
466 2629 523 2694 Ἐκ
546 2627 689 2711 Τηλέφου
712 2627 871 2710 Εὐριπίδου
1340 2713 1341 2716 ¹

487 2742 530 2821 μή
554 2766 603 2821 μον
625 2741 803 2824 φθονήσητ’,
826 2741 927 2823 ἄνδρες
951 2741 1100 2816 Ἑλλήνων
1122 2739 1211 2824 ἄκρον,
1333 2799 1341 2823 ,
1447 2834 1451 2843 ¹

486 2857 510 2921 ei
531 2857 654 2937 πτωχὸς
676 2855 713 2921 ὢν
735 2855 856 2932 σέτληκ
879 2856 909 2920 ἒν
932 2854 1081 2921 ἐσθλοῖσιν
1104 2855 1208 2935 λέγειν.

330 2969 369 3034 ir.
396 2970 468 3035 701.
490 2966 600 3035 Priore
627 2990 720 3033 versu
749 2990 826 3033 usus
856 2973 904 3032 est
931 2968 1026 3032 etiam
1050 2968 1159 3034 Alexis
1178 2970 1262 3055 apud
1285 2971 1403 3038 Athen.

288 3081 359 3147 XV.
384 3086 445 3148 44:
811 3083 816 3093 ’

486 3200 529 3276 μή
553 3221 603 3277 μον
624 3195 801 3280 φθονήσητ’,
824 3177 926 3279 ἄνδρες
950 3197 1099 3272 Ἑλλήνων
1122 3194 1210 3279 ἄκρον,

486 3309 652 3392 ἠλειφόμην
674 3309 793 3389 ὑόμενος
816 3310 887 3391 ἰοίην
912 3309 1001 3391 κύον·

330 3425 381 3490 Ad
405 3427 468 3489 540
490 3426 550 3506 ἐρεῖ
569 3448 624 3503 τις,
647 3426 679 3489 οὐ
702 3432 795 3506 χρήνε
818 3422 877 3489 Kal
897 3429 983 3489 τοῦτο
1001 3424 1061 3489 dere
1084 3424 1405 3509 ΤηλέφονΕὖρνπήδον.

287 3537 326 3603 ir.
364 3539 438 3605 797.
468 3536 562 3618 Quod
592 3560 656 3603 non
686 3546 822 3623 quatuor
853 3537 930 3602 haec
959 3537 1054 3602 verba
1081 3545 1205 3603 tantum
1228 3539 1282 3605 sed
1305 3549 1406 3607 totum

286 3674 410 3717 versum
440 3659 579 3739 spectare
605 3652 740 3732 videtur,
764 3658 802 3715 ut
825 3650 950 3738 saepius
972 3651 1018 3729 fit,
1042 3652 1081 3717 of.
1106 3651 1208 3716 Schol.
1231 3657 1307 3733 446,
1331 3659 1406 3736 454,
1458 3647 1463 3658 ’

288 3769 351 3830 555
376 3771 409 3830 et
430 3765 555 3852 passim.

329 3877 381 3942 Ad
405 3882 466 3944 541
489 3877 657 3951 ἐκπλεύσας
679 3877 790 3959 σκοὶφεν
808 3877 891 3942 nihil
909 3876 1003 3942 habet
1024 3876 1126 3943 Schol.
1147 3880 1397 3959 Attamenetpa-

265 3987 397 4078 'goedin
419 3993 599 4059 desumtum
621 3999 668 4057 est
674 4018 683 4071 ;
707 3992 826 4075 σκάφος
846 3992 880 4056 in
899 3992 955 4055 Ar.
976 4013 1040 4056 non
1060 3992 1122 4056 nisi
1134 3993 1167 4056 in
1180 3992 1319 4078 parodia,
1331 3993 1403 4081 Lys.

288 4108 361 4187 139,
374 4104 497 4171 Thesm.
512 4105 585 4185 877,
597 4104 676 4169 Itan.
690 4107 786 4186 1382,
799 4104 901 4169 autin
912 4103 1096 4191 metaphora
1103 4105 1234 4189 poetica,
1240 4103 1337 4192 Vesp.
1350 4111 1403 4174 29.

331 4215 393 4284 Ad*
413 4221 476 4283 543
499 4213 518 4293 ή
540 4223 650 4284 πολλοῦ
673 4243 711 4298 με
733 4218 782 4283 δεῖ
802 4245 810 4283 :
832 4217 899 4283 sieri
921 4222 973 4283 τοῦ
998 4218 1062 4283 οὐδὲ
1084 4214 1166 4290 ὅλως.
1190 4217 1242 4296 nol
1265 4224 1350 4285 τοῦτο
1371 4223 1405 4287 ἐκ

287 4332 441 4416 Τηλέφου,
465 4354 599 4418 quorum
620 4354 693 4419 pars
715 4332 812 4418 prior,
833 4328 1032 4405 ἀντὶ-ὅλος,
1052 4330 1092 4395 ad
1109 4330 1223 4395 lemma
1240 4327 1406 4407 ή-δεῐοει
1448 4407 1454 4424 1

286 4445 459 4524 referenda,
480 4445 590 4526 altera,
613 4443 865 4527 καὶ-Τηλέφου,
889 4444 930 4508 ad
953 4448 1056 4508 totum
1080 4465 1214 4536 versum.

1262 4556 1276 4598 a
