3592 5484
354 597 416 659 200
774 617 960 662 irruerant(
984 619 1009 663 1.

332 801 460 843 suasum
491 803 557 844 esse
587 781 705 866 Hygini
735 781 857 846 tabulas
888 805 951 847 non
983 784 1066 848 inter
1088 785 1190 849 fontes
1213 808 1277 849 esse
1301 785 1458 851 habendas

334 879 388 944 nbi
412 882 444 944 in
470 891 654 964 argumenta
677 882 908 965 tragoediarum
933 883 1123 949 Graecarum
1145 885 1351 969 inquiramus.

377 981 450 1046 Non
473 982 561 1067 parvi
584 981 726 1046 habenda
749 992 797 1047 est
819 985 925 1069 opinio
947 985 1005 1048 viri
1029 984 1112 1049 docti
1132 987 1250 1071 optime
1270 986 1309 1050 de
1329 984 1456 1071 Hygino

334 1084 448 1159 meriti,
482 1104 584 1166 neque
614 1083 738 1148 silentio
770 1107 836 1148 eam
868 1087 1119 1170 praetermittere
1148 1086 1234 1151 lieet.
1266 1085 1380 1170 Itaque
1415 1109 1462 1150 ar·

334 1193 483 1271 gumenta
514 1185 648 1262 alteram,
672 1184 788 1268 quibus
811 1184 941 1271 probare
964 1185 1099 1251 conabor
1122 1209 1195 1251 eum
1218 1187 1277 1251 hac
1301 1188 1334 1251 in
1357 1210 1391 1251 re
1414 1210 1462 1252 ve

335 1309 405 1350 runi
429 1309 492 1349 non
516 1286 639 1350 vidisse.

381 1385 498 1450 Verum
529 1387 655 1469 quidem
684 1393 731 1450 est
755 1386 916 1472 Hyginum
940 1389 989 1471 (nt
1012 1388 1070 1453 hoe
1093 1389 1220 1453 nomine
1244 1391 1327 1472 utar)
1350 1389 1463 1475 saepis·

336 1488 413 1552 sime
444 1488 637 1551 narrationes
669 1487 832 1551 tradidisse
863 1510 940 1572 quas
969 1511 986 1552 e
1016 1491 1247 1574 tragoediarum
1270 1491 1464 1575 argumentis

336 1611 399 1653 non
434 1589 556 1672 petivit,
590 1594 622 1649 at
655 1588 808 1653 nonnulla
837 1596 943 1652 tamen
973 1598 1157 1675 argumenta
1187 1592 1220 1654 in
1251 1591 1319 1655 eins
1348 1590 1463 1655 tabulis

337 1697 456 1753 servata
480 1712 544 1753 esse
567 1711 629 1752 non
653 1711 752 1774 pauca
775 1696 849 1754 sunt
872 1689 998 1754 indicia.

384 1794 413 1854 1.
437 1790 507 1853 Nisi
540 1790 644 1854 omnia
672 1813 720 1854 me
750 1790 873 1867 fallunt,
904 1792 1064 1876 tragoedia
1095 1791 1265 1877 Euripidis,
1294 1792 1462 1878 Telephus,

339 1901 376 1955 ut
410 1892 447 1955 ad
485 1891 561 1953 Aah.
593 1892 655 1954 317
685 1912 749 1974 sqq.
783 1898 814 1954 et
842 1890 967 1954 Thesm.
1002 1895 1065 1955 692
1098 1893 1310 1957 demonstrare
1333 1901 1464 1958 conatus

338 2015 418 2067 snm,
454 1992 499 2055 ita
532 2014 603 2055 cuin
635 1989 695 2054 fab.
731 1994 790 2054 101
826 1993 992 2077 conspirat,
1024 2000 1062 2055 ut
1091 1994 1142 2056 vix
1165 1992 1298 2058 dubium
1322 1995 1364 2058 sit
1386 1995 1464 2079 qnin

339 2095 469 2178 scriptor
500 2101 556 2154 ant
586 2101 806 2184 argumentum
838 2095 960 2156 noverit
989 2101 1047 2156 ant
1078 2116 1094 2157 e
1118 2094 1205 2158 fonte
1227 2094 1301 2158 inde
1324 2094 1464 2159 derivato

339 2196 488 2259 hauserit.
518 2196 585 2257 lmo
617 2193 735 2277 Hygini
770 2192 860 2256 verba
890 2218 1007 2277 „qaam
1038 2195 1182 2276 (hastam)
1210 2220 1274 2259 eam
1298 2197 1462 2260 rasiseent'’

340 2298 389 2359 vix
420 2294 561 2379 intellegi
584 2302 716 2379 possunt
740 2296 800 2358 nisi
825 2317 896 2357 cnm
921 2296 1020 2378 ipsius
1042 2295 1220 2379 tragoediae
1244 2318 1335 2360 versu
1361 2296 1461 2360 eonfe-

340 2408 464 2473 runtur,
489 2398 524 2459 [ι.
552 2397 631 2458 725:
655 2402 797 2474 πριστοῖσι
820 2395 938 2473 >times
963 2395 1100 2472 litmaro
1123 2397 1283 2477 ,irripxrra

387 2502 415 2560 2.
448 2496 487 2560 In
524 2495 585 2560 fab.
619 2499 670 2572 19,
702 2495 842 2559 Phineus
873 2496 1032 2581 inscripta,
1063 2496 1102 2561 de
1132 2519 1195 2580 qna
1225 2498 1275 2581 egi
1305 2496 1344 2560 ad
1375 2496 1463 2561 Plut.

343 2602 416 2677 635,
448 2598 625 2681 tragoediae
658 2597 824 2679 vestigium
855 2596 1000 2660 relictum
1031 2604 1079 2660 est
1111 2599 1143 2660 in
1168 2599 1364 2682 „Harpyias
1389 2621 1464 2683 qaae

341 2700 420 2764 Ionis
450 2721 536 2762 canes
563 2721 624 2761 esse
653 2696 826 2761 dicantar.''
857 2698 946 2769 Ζηνὸς
977 2697 1059 2768 κύνες
1091 2699 1122 2780 (i.
1153 2720 1179 2761 e.
1203 2700 1327 2781 γρῦπες)
1352 2700 1462 2763 Aeseh.

342 2799 445 2864 Prom.
470 2801 551 2874 80&
575 2797 716 2875 arpinas
739 2800 801 2862 θεοῦ
825 2797 899 2860 κύων
923 2796 1014 2861 Pind.
1039 2798 1075 2861 lr.
1102 2801 1161 2877 735
1186 2799 1357 2879 Ἡφαίστου
1381 2800 1464 2872 κύνες

343 2902 459 2979 Alexis,
492 2900 589 2963 Mein.
623 2898 675 2962 Ill
707 2921 737 2983 p.
762 2901 837 2974 452,
862 2897 1018 2975 Eubulus,
1042 2898 1084 2962 ib.
1109 2922 1138 2984 p.
1165 2902 1246 2977 242;
1270 2907 1404 2984 uterque
1428 2900 1462 2964 in

342 3001 478 3087 parodia.

388 3106 418 3167 3.
449 3102 525 3166 Feb.
560 3103 622 3164 136
651 3101 725 3164 haeo
756 3099 866 3164 habet:
897 3101 1064 3177 „Glauces
1095 3102 1208 3166 Minois
1237 3109 1267 3164 et
1296 3103 1467 3186 Pasiphaae

336 3206 427 3290 filins
460 3207 528 3267 dum
562 3204 642 3266 ladit
675 3203 752 3283 pila,
783 3203 887 3264 cecidit
917 3202 949 3264 in
978 3203 1089 3266 dolium
1120 3204 1205 3266 melle
1233 3205 1354 3285 plenum
1384 3227 1466 3289 quem

343 3331 406 3370 enm
422 3312 566 3388 parentes
588 3310 761 3388 quaererent
780 3303 944 3384 Apollinem
965 3303 1113 3367 ementati
1135 3312 1207 3368 sunt
1227 3308 1262 3367 de
1278 3328 1380 3386 puero.
1396 3307 1467 3375 Qui·

343 3409 396 3471 aaa
428 3407 531 3488 Apollo
560 3403 723 3486 respondit:
758 3411 916 3466 rnorrstrnm
948 3405 1025 3467 volis
1048 3413 1152 3468 netum
1173 3413 1234 3482 est;
1259 3409 1335 3489 quod
1353 3407 1382 3468 si
1403 3407 1467 3489 quia

343 3508 472 3584 solverit,
490 3528 615 3588 puerrem
638 3505 714 3568 nolis
737 3504 883 3568 restituet.
910 3504 1019 3582 Minos,
1042 3513 1121 3568 sorte
1142 3507 1259 3586 aedita,
1280 3508 1373 3589 eoepit
1393 3529 1468 3570 mon·

343 3617 438 3673 stram
456 3633 476 3671 a
498 3608 562 3670 sais
584 3628 729 3688 quaerere,
753 3605 802 3668 rui
824 3605 965 3666 dixerant
988 3614 1093 3669 natam
1114 3627 1175 3670 esse
1197 3608 1334 3684 situlam,
1354 3609 1405 3689 qui
1424 3614 1469 3670 ter

345 3710 447 3772 indie
476 3710 596 3771 colorem
626 3714 754 3769 mutaret
777 3728 832 3786 per
854 3713 1013 3787 quaternas
1036 3709 1131 3785 laras,
1152 3709 1280 3789 primurn
1303 3710 1402 3772 album
1424 3731 1466 3772 ee·

345 3814 438 3876 enredo
467 3811 586 3871 soleam
616 3808 719 3869 deinde
750 3808 875 3888 niprum.
906 3808 1007 3870 Minoe
1037 3816 1136 3871 aarum
1165 3813 1208 3872 ad
1228 3818 1389 3873 monstram
1412 3810 1468 3874 sol·

345 3915 467 3978 eendrcm
502 3931 628 3989 augures
660 3911 836 3970 conrocarit.
870 3909 919 3988 qai
949 3929 1013 3971 earn
1044 3932 1101 3971 non
1132 3909 1300 3973 invenirent
1323 3910 1469 3994 Polyidus

350 4012 473 4076 Coerani
496 4011 587 4094 filins
619 4008 744 4071 Bizanti
774 4008 814 4088 (f)
846 4015 1004 4071 monstrum
1035 4011 1255 4088 demonstravit,
1286 4033 1350 4074 eam
1371 4011 1470 4075 arbori

345 4137 421 4177 moro
442 4113 566 4176 similem
588 4132 667 4183 esse;
693 4132 760 4170 nam
781 4109 907 4189 primam
930 4110 1028 4172 allam
1051 4118 1104 4188 est,
1130 4112 1234 4174 deinde
1254 4114 1384 4190 medeam,
1405 4136 1468 4175 cnm

344 4215 545 4299 permaturuit
573 4213 699 4293 ripram.
723 4219 794 4273 tnnc
818 4211 917 4272 Minas
939 4212 986 4273 ait
1008 4211 1052 4272 ei:
1076 4234 1140 4285 „en
1163 4214 1311 4294 Apollinis
1335 4235 1468 4294 responso

347 4319 442 4398 filiam
474 4316 546 4378 mili
575 4319 685 4395 oportet
714 4310 885 4374 restituae*
919 4313 1004 4379 Quod
1025 4312 1169 4395 Polyidus
1192 4317 1261 4377 darn
1286 4321 1466 4395 aspiratur,

348 4421 423 4486 sidit
453 4425 588 4480 noctuam
616 4435 704 4495 snper
733 4414 836 4475 cellam
864 4413 1012 4476 vinariam
1042 4416 1186 4478 sedentem
1213 4421 1304 4499 atque
1324 4437 1394 4497 apes
1408 4415 1469 4500 se·
