3592 5484
720 603 1078 650 rursuoruomaausarr.
1373 588 1436 651 123

336 782 392 840 tur
423 774 614 839 Scholiastae
643 773 696 837 cui
719 772 842 846 πλάτας
865 772 898 837 in
922 772 1083 857 tragoedia
1106 773 1229 858 saepius
1251 777 1322 846 ναῦς
1345 773 1460 858 signifi-

337 911 406 955 care
436 895 546 953 notum
578 894 653 951 erat.
687 886 780 967 Quod
810 886 841 950 h.
874 909 903 950 v.
936 887 1056 971 legitur
1077 886 1110 950 in
1134 887 1202 950 cod.
1227 887 1257 950 οὐ
1279 885 1406 967 πάρεισιν
1429 886 1461 951 αί

336 1140 386 1192 μοι
409 1112 525 1179 πλάται
549 1121 680 1194 mutare,
704 1135 776 1177 cum
799 1113 832 1178 αί
854 1112 971 1178 πλάται
993 1120 1074 1199 post.
1101 1113 1157 1185 τάς
1183 1114 1304 1186 πλάτας
1329 1136 1372 1176 vs.
1397 1114 1458 1177 770

335 1228 408 1293 ferri
430 1227 534 1313 possit.
687 1225 689 1228 ’

381 1340 485 1406 Verba
515 1364 611 1422 χοιρει,
642 1363 727 1421 χυρει
757 1364 801 1405 vs.
830 1344 893 1405 782
918 1341 972 1405 alii
997 1341 1088 1406 aliter
1111 1342 1359 1427 interpretantur
1366 1369 1376 1420 ρ
1399 1341 1461 1427 ple·

336 1457 425 1545 rique
459 1456 678 1543 imperativum
711 1479 775 1521 esse
810 1455 1002 1520 existimant.
1036 1455 1195 1520 Fritsche:
1220 1455 1460 1534 „Mnesilochus

335 1569 540 1650 „simulacris
562 1568 637 1634 haee
660 1570 856 1655 potissimum
880 1570 973 1634 verba
997 1569 1165 1655 insculpsit
1188 1570 1343 1650 Εὐριπίδη,
1363 1569 1459 1650 χώρει,

334 1685 461 1765 ,,χοίρει,
491 1684 572 1762 veui,
596 1683 666 1747 veni
689 1682 887 1769 Euripides.''
912 1683 977 1747 Alii
1001 1705 1074 1747 eum
1095 1681 1204 1747 Vossio
1229 1681 1366 1747 cultrum
1388 1681 1461 1746 allo

335 1798 391 1887 qui
422 1796 651 1861 Mnesilochum
680 1797 849 1890 opinantur
880 1803 927 1860 et:
957 1795 1059 1875 „Zieh
1084 1796 1156 1873 fort,
1180 1795 1251 1860 Zieh
1276 1797 1337 1860 fort
1345 1795 1372 1860 1'’
1396 1818 1460 1860 ver-

335 1920 420 1977 tunt.
444 1910 600 1976 Ribbeck:
623 1911 754 1991 „Rasch
777 1911 849 1975 her!
874 1911 964 1975 raseh
983 1911 1056 1975 her!
1077 1910 1117 1974 Ja
1137 1910 1240 1975 wohin
1255 1910 1337 1974 denn
1350 1909 1460 1975 nun?”

335 2023 450 2091 Nonne
485 2047 557 2089 vero
588 2030 724 2111 praestat
755 2023 947 2089 Ravennatis
979 2024 1144 2088 lectionem
1176 2032 1275 2105 χωρεῖ,
1299 2031 1393 2105 χωρεῖ
1413 2024 1459 2088 in·
1522 2088 1525 2095 ,

336 2146 452 2205 tactam
476 2139 652 2226 relinquere
676 2146 707 2203 et
729 2147 823 2221 χωρεῖ
843 2139 908 2203 scil.
933 2138 1050 2219 τοῦργον
1074 2137 1295 2225 interpretari?
1320 2136 1366 2202 Cf.
1386 2137 1458 2203 Pac.

337 2254 413 2332 473,
441 2256 514 2318 510.

382 2367 542 2450 Quasnam
565 2367 596 2431 h.
620 2367 642 2432 1.
663 2389 770 2432 versus
793 2391 809 2431 e
833 2365 1001 2431 Palamede
1024 2366 1229 2452 depromserit
1252 2368 1306 2430 Ar.
1328 2388 1390 2431 non
1414 2368 1459 2431 in·

335 2481 450 2547 dicarit
475 2480 595 2563 Schol.;
618 2482 745 2546 fortasse
770 2504 828 2546 νοτ.
857 2484 931 2562 776,
960 2482 1020 2547 777
1046 2487 1079 2545 et
1104 2483 1177 2546 780.
1199 2480 1328 2545 Βάοκετε
1346 2479 1459 2545 Home-

334 2595 435 2660 ricum
458 2601 514 2660 est.

380 2708 431 2772 Ad
466 2709 527 2772 775
562 2706 682 2793 Enger:
711 2759 731 2788 „
741 2707 814 2773 Sine
844 2708 942 2773 dubio
971 2707 1134 2794 Euripidis
1157 2730 1278 2772 versum
1304 2708 1458 2796 quendam

334 2822 446 2902 „ridet
479 2821 556 2886 Ar.’'
587 2821 704 2887 Melius
734 2820 890 2887 Eritsche:
923 2872 942 2900 „
953 2820 1167 2886 Mnesilochus
1195 2820 1324 2885 deorum
1353 2823 1459 2907 imagi·

333 2959 420 3014 „nea
433 2985 529 3000 .....
559 2937 699 3022 proiecit,
724 2943 761 3000 ut
784 2936 931 3022 Euripidi
953 2937 1064 3021 dignas
1088 2935 1240 3022 Euripide
1263 2938 1368 3000 mittat
1390 2937 1458 3001 lite·

334 3051 442 3128 „ras”
486 3049 649 3135 Significat
687 3050 911 3137 Aristophanes
945 3049 1091 3136 Euripidi
1127 3050 1221 3115 talem
1255 3051 1457 3136 impietatem,

335 3163 437 3251 qualis
462 3164 556 3228 etiam
579 3162 731 3249 Diagorae
753 3164 816 3229 luit
839 3163 952 3250 (Schol.
976 3161 1065 3229 Nub.
1091 3165 1177 3248 830),
1202 3171 1320 3249 gratam
1344 3188 1418 3230 esse.

334 3387 389 3454 Vs.
415 3381 496 3452 810.
533 3385 620 3460 οὕτως
643 3390 730 3466 ἡμεῖς
752 3389 828 3454 πολὺ
851 3389 987 3468 βελτίους
1010 3392 1067 3453 τῶν
1090 3389 1197 3470 άνδρῶν
1220 3390 1357 3468 εὐχάριεί’
1376 3385 1455 3455 εἶναι.

379 3501 425 3566 cf.
450 3501 543 3566 Hom.
568 3500 608 3564 Il.
633 3500 780 3567 117405.

333 3725 389 3792 Vs.
414 3718 495 3790 855.
531 3726 637 3791 Νείλου
660 3727 714 3803 μὲν
737 3724 807 3792 αἵδε
829 3727 1051 3808 καλλιπάρθενοι
1075 3727 1147 3809 ρὀαί,

533 3840 563 3913 ὃς
587 3841 655 3905 άντί
679 3841 743 3913 δίας
765 3841 903 3921 ψακάδος
927 3840 1083 3919 Αίγάπτου
1107 3842 1193 3907 πέδον

531 3962 637 4029 λευκῆς
658 3954 758 4035 νοτίζει
782 3953 1034 4035 μελανοοιίρριαιον
1058 3956 1139 4020 λεών.

375 4067 452 4133 Eur.
487 4066 624 4132 Helenae
648 4068 819 4146 exordium,
844 4067 899 4132 ubi
922 4077 1027 4133 tamen
1051 4091 1095 4133 vs.
1123 4069 1142 4132 3
1166 4069 1209 4133 sic
1232 4068 1364 4153 legitur:
1388 4084 1455 4134 λευ-

332 4190 386 4257 κῆς
409 4181 549 4254 τακείσης
571 4180 666 4261 χιίνος
690 4181 814 4261 ὑγραίνει
837 4181 923 4259 γιίας.
950 4180 998 4245 Ib.
1021 4204 1064 4244 vs.
1092 4184 1111 4243 2
1131 4180 1279 4265 Hartung
1298 4189 1329 4244 et
1342 4180 1456 4245 Nauck

332 4318 389 4382 pro
420 4293 505 4358 πέδον
529 4294 616 4358 πέδου
638 4294 758 4378 legunt.
780 4293 838 4358 Est
860 4295 986 4358 omnino
1010 4293 1137 4358 insolita
1160 4293 1273 4357 dictio:
1298 4294 1451 4372 Αἰγύπτου

332 4410 418 4475 πέδον
442 4407 582 4488 ὑγραίνειν
603 4407 698 4487 γιίας;
722 4407 801 4472 nihil
824 4415 931 4472 tamen
955 4409 988 4472 in
1011 4407 1165 4494 Euripide
1184 4408 1370 4472 mutandum
1390 4430 1456 4473 esee
