3592 5484
713 610 1068 657 rnnsuoefloalazusan

329 789 384 857 Vs.
411 783 517 853 1130.
549 797 673 853 σκαιοῖσι
697 788 754 868 γάρ
777 813 820 854 τοι
843 791 932 854 κιιινὲι
954 794 1121 874 προσφέρων
1145 797 1228 877 σοφὰ

553 901 653 979 μιέπνν
676 903 844 975 ιὶνιιλίπκιις
866 903 914 968 ἄν.

376 1018 452 1082 Eur.
475 1015 560 1080 Med.
586 1019 667 1080 299:

552 1137 677 1193 σκαιοῖσι
701 1130 756 1206 μὲν
781 1130 838 1211 γὰρ
862 1134 950 1196 κιιινέι
973 1135 1141 1215 προσφέρων
1163 1137 1246 1214 σοφὰ

552 1241 641 1317 δόξεις
665 1245 782 1324 ιὶχρεῖις
806 1248 857 1310 aad
883 1251 973 1327 σοφὸς
998 1249 1170 1327 πεφυκέναι.

376 1358 491 1422 Porsen
524 1359 562 1421 ad
594 1358 678 1422 Med.
709 1361 885 1444 suspicatur
910 1363 1092 1448 Euripidem
1118 1366 1275 1450 scripsisse
1299 1367 1382 1446 eoae
1405 1367 1457 1430 sed

331 1482 437 1561 postea
470 1474 717 1558 „Aristophanis
750 1475 989 1560 reprehensione
1022 1488 1200 1562 permotum
1231 1480 1314 1559 σιφῖι
1346 1482 1379 1543 in
1402 1479 1457 1552 ἔπη

331 1590 528 1667 „latitasse”
553 1587 647 1669 Quod
671 1597 774 1652 tamen
799 1612 860 1653 uon
885 1591 1047 1676 probabile
1071 1602 1127 1670 est,
1153 1616 1224 1657 euru
1245 1593 1374 1657 Medeae
1395 1617 1458 1657 ver-

331 1727 401 1768 sum
425 1703 552 1766 minime
577 1711 610 1765 ut
637 1702 876 1787 reprehenderet
899 1706 1046 1769 attulerit
1071 1709 1136 1784 Ar,
1162 1708 1213 1770 sed
1238 1709 1312 1790 quia
1333 1707 1370 1770 ad
1390 1709 1457 1771 eius

331 1840 422 1880 usum
446 1816 781 1879 aceonnnodatissimus
805 1825 880 1881 erat.
907 1818 995 1882 Nihil
1025 1819 1124 1883 uoluit
1148 1829 1239 1905 poeta
1263 1821 1321 1883 nisi
1341 1820 1460 1884 andito-

331 1953 401 1994 rum
424 1931 543 1993 animos
566 1928 717 1992 delectare
742 1930 829 1993 seriis
850 1952 920 1994 eum
942 1931 1084 1996 ridiculis
1104 1933 1279 1997 miscendis.
1300 1932 1346 1997 Cl.
1363 1933 1456 1997 lliud.

332 2045 370 2108 ad
398 2043 480 2107 Med.
508 2047 581 2105 299.

378 2160 497 2222 Similia
523 2159 669 2244 Sophocli
695 2158 891 2222 tribuuntur.
921 2160 994 2222 Ath.
1021 2160 1048 2222 X
1072 2183 1097 2222 e.
1118 2163 1171 2235 43,
1190 2183 1219 2243 p.
1241 2162 1316 2223 4323.
1332 2159 1381 2221 Fr.
1398 2162 1459 2221 692

333 2273 388 2353 N„
417 2276 479 2337 702
504 2273 542 2336 D.

556 2376 675 2452 διψῶντι
700 2375 757 2453 γάρ
782 2398 823 2437 πει
848 2375 949 2438 mim
974 2376 1142 2454 πρεπφὲριιν
1166 2377 1248 2454 rotula

558 2490 607 2552 οὐκ
630 2487 666 2550 ῖιν
690 2488 778 2550 πνείν
802 2487 937 2567 πέρφειιις
962 2489 1005 2564 μὴ
1031 2497 1106 2552 πιεῖν
1130 2490 1231 2558 διδούς.

378 2602 511 2666 Person:
544 2600 560 2674 ἢ
592 2603 714 2678 'parfia
748 2623 840 2685 quem
873 2604 972 2665 secuti
1002 2611 1078 2665 suut
1109 2602 1151 2666 N.
1183 2612 1215 2665 et
1245 2602 1283 2666 D.
1310 2602 1396 2683 Quid
1420 2605 1461 2665 sit

335 2718 449 2794 ἐμπιεῖν
480 2718 570 2780 docet
600 2717 654 2779 Ar.
685 2715 770 2779 Eccl.
803 2718 880 2779 142:
905 2717 953 2780 κιιῖ
978 2717 1173 2796 λοιδοροῦνταί
1193 2717 1223 2793 ν’
1249 2715 1342 2797 ὥσπερ
1367 2718 1460 2793 ε’μπε·

335 2832 474 2901 πωκῖπες.
506 2830 630 2894 Dicitur
662 2830 700 2893 de
731 2830 768 2892 iis
791 2830 845 2913 qui
869 2853 930 2893 noa
955 2831 1045 2894 modo
1070 2832 1154 2894 sitim
1178 2831 1305 2916 explent
1328 2831 1380 2894 sed
1405 2830 1461 2914 qui

333 2947 441 3010 vinum
466 2952 574 3030 potant
601 2952 689 3008 etse
712 2944 896 3022 exhilarent,
922 2944 991 3007 Pac.
1020 2947 1115 3020 1143,
1136 2944 1212 3009 Eur.
1234 2943 1319 3030 Cycl.
1342 2947 1406 3007 336
1427 2953 1459 3008 et

334 3083 414 3146 pass.
439 3059 472 3124 Si
496 3061 602 3142 igitur,
627 3058 711 3142 quod
737 3065 871 3122 testatur
891 3059 1082 3134 Athenaeus,
1103 3057 1270 3143 Sophocles
1290 3058 1379 3121 hosce
1393 3081 1457 3122 ver-

333 3197 386 3238 sus
416 3174 547 3258 scripsit,
579 3181 661 3235 certe
691 3173 722 3235 in
753 3171 892 3234 dramate
924 3173 1056 3255 satyrico
1080 3171 1214 3256 scripsit.
1239 3168 1356 3234 Verum
1382 3194 1458 3235 num

334 3287 509 3352 audiendus
539 3290 580 3350 sit
611 3286 793 3350 Athenaeus
824 3286 1024 3350 uehementer
1048 3284 1169 3349 dubita.
1194 3285 1295 3349 Tanta
1318 3286 1400 3349 enirn
1423 3287 1462 3350 iis

335 3411 381 3467 est
414 3426 484 3467 cum
517 3403 584 3466 loco
608 3401 769 3487 Euripidis
793 3401 967 3464 similitudo
991 3410 1028 3465 ut
1052 3424 1114 3465 non
1137 3401 1252 3486 possim
1276 3424 1338 3464 non
1362 3402 1460 3486 suspi-

335 3518 398 3581 cari
431 3539 542 3580 nomeu
576 3515 736 3600 Sophoclis
768 3537 869 3578 errore
901 3521 1010 3578 natnrn
1042 3537 1107 3577 esse
1135 3536 1171 3578 ex
1196 3514 1330 3578 alicuius
1355 3514 1463 3578 comici

335 3639 445 3717 poetae
474 3631 610 3706 nomine,
643 3630 697 3713 qui
732 3630 859 3715 parodia
891 3629 995 3692 locum
1019 3628 1149 3692 Medeae
1173 3630 1367 3714 expresserit.
1392 3628 1464 3692 For·

337 3754 417 3809 tasse
440 3745 494 3807 ille
519 3744 612 3828 Soph.
638 3744 699 3805 luit
720 3743 876 3828 Sophilns,
898 3766 990 3825 qrrem
1012 3743 1256 3826 saepinseitavit
1271 3742 1462 3806 Athenaeus

382 3858 481 3921 Simili
505 3880 606 3920 errore
632 3856 732 3919 Schol.
758 3856 836 3919 Ran.
865 3859 926 3918 100
954 3857 1136 3928 Μειιινῖππν
1159 3856 1238 3934 σοφή
1259 3857 1462 3940 depravatum

336 3978 382 4034 est
412 3972 444 4034 in
476 3970 521 4034 M.
552 3971 745 4049 Σιῷοκιέινς.
769 3969 866 4034 ΡΙιιιει
890 3971 1041 4034 eiusmodi
1066 3972 1204 4055 exempla
1242 3971 1369 4055 collegit
1392 3971 1468 4034 Mei·

339 4085 419 4150 neke
443 4085 496 4149 Ill
521 4108 550 4170 p.
577 4088 650 4148 584.

337 4262 391 4325 l's.
420 4254 523 4322 l2l5.
556 4263 641 4340 ὀρτῶς
665 4261 695 4325 δέ
718 4285 746 4323 τι
770 4261 883 4336 σνβῖνν’
909 4262 966 4324 ori·
990 4261 1167 4337 κιιπιιβινῆπι
1192 4261 1258 4341 γάρ.

383 4376 432 4440 Cf.
456 4375 494 4438 ad
517 4398 560 4437 vs.
585 4378 648 4437 455
673 4382 705 4438 et
729 4377 783 4438 Ar.
808 4376 844 4439 fr.
870 4378 944 4439 304.
