3592 5484
830 605 953 650 numus.
1368 589 1430 650 185

332 775 366 838 in
389 771 514 853 ιὶρνέξετε
537 772 736 837 emendatum
760 780 817 836 est.
839 770 982 836 Fortasse
1006 773 1150 835 imitatur
1173 773 1227 836 Ar.
1249 794 1371 836 versum
1395 780 1456 836 tra·

330 888 435 972 gicum
459 888 492 950 in
516 908 579 968 quo
602 907 657 969 pro
681 883 826 962 τύμπανον
849 884 900 948 aa)
924 885 1056 964 κύφωνες
1076 885 1203 948 nomina
1220 883 1456 968 reperiebantur

331 997 447 1083 quibus
471 997 581 1060 similis
606 1004 672 1060 erat
694 1018 797 1060 sonus.
823 997 951 1077 Ἀρωνές
974 997 1006 1060 in
1031 996 1157 1091 parodia
1176 1020 1224 1082 ap.
1246 997 1456 1082 Antiphonem

331 1110 431 1175 Mein.
456 1108 511 1172 Ill
536 1112 595 1172 82:
621 1109 816 1181 dextrarium
838 1109 904 1172 τινιὶ
928 1110 1030 1188 δίψους
1052 1110 1171 1190 ιὶρωνέν.

335 1337 390 1401 Vs.
417 1329 498 1398 541.
537 1335 671 1410 evitata
690 1336 813 1413 σχοίνων
833 1335 931 1414 κόρεων
951 1334 1076 1411 μεστὴν,
1095 1333 1190 1408 itroire
1203 1333 1340 1409 εὕδοντος
1351 1339 1459 1419 ἐγείρει.

380 1450 481 1515 Schol.
514 1449 593 1513 Veu.
625 1448 809 1528 Σοφοκνεόνς
840 1449 873 1511 τὸ
904 1449 1089 1527 κ’μιστίχιενι
1113 1448 1307 1525 ἐπειγομένων
1330 1451 1460 1530 κερκίδος

335 1563 443 1643 ὕμνοις,
476 1563 492 1636 ἣ
525 1564 591 1635 τοὺς
622 1561 758 1633 salterrae
788 1562 895 1643 ἐγείρει.
929 1561 978 1627 Fr.
1012 1564 1077 1625 804
1100 1562 1153 1640 N„
1177 1566 1240 1625 909
1265 1562 1305 1629 D.
1331 1564 1462 1649 Saepius

335 1678 384 1742 his
413 1676 515 1741 uerbis
545 1698 733 1760 quamquain
758 1674 837 1739 nihil
859 1674 978 1738 insoliti
1001 1675 1094 1754 inest,
1119 1675 1167 1738 usi
1192 1681 1266 1739 sunt
1290 1677 1400 1740 comici
1426 1685 1463 1741 ut

336 1790 405 1854 aliis
437 1789 618 1873 incongruis
650 1789 843 1874 adaptarent.
868 1789 922 1851 Ar.
947 1789 984 1851 ir.
1010 1789 1091 1850 368:
1116 1787 1220 1869 σιιιιρὶς
1243 1791 1274 1852 οὐ
1299 1791 1389 1869 μικρὰ
1412 1791 1461 1854 axi

337 1903 464 1984 κωρνκὶς,
499 1901 514 1974 ἣ
547 1900 599 1965 axi
631 1902 698 1972 τοὺς
730 1900 901 1978 paraturas
933 1902 1040 1980 ἐγείρει.
1073 1901 1213 1986 Eupolis.
1247 1901 1343 1966 Mein.
1369 1902 1405 1965 H
1430 1927 1459 1988 p.

339 2018 420 2081 437:
446 2012 533 2088 τωῶν,
558 2014 588 2087 ὃς
607 2017 674 2088 τοὺς
698 2014 834 2088 εὕδοντας
856 2017 963 2096 ε’νείρει.

338 2245 392 2310 Vs.
420 2236 502 2307 601.
540 2240 560 2307 ὦ
584 2243 667 2314 πόλις
691 2240 829 2321 Ἄργιος,
853 2239 949 2305 κλύεθ’
974 2235 1018 2304 οἷον
1042 2241 1131 2318 λέγει.
1153 2239 1226 2305 l'id.
1248 2241 1286 2304 ad
1307 2242 1365 2326 Eq.
1387 2245 1460 2307 813.

337 2471 391 2536 Vs.
418 2463 498 2533 635.
535 2465 756 2545 ε’ἕωμμιίτωτκι
780 2465 831 2529 κιο)
855 2466 1079 2547 λελέμπρνντκι
1103 2469 1197 2547 κέρνος,

538 2567 724 2654 'Arrabanni
747 2585 871 2652 ιιωιῶνος
894 2582 1030 2658 εὐμενοῦς
1054 2583 1165 2660 τυχών.

385 2699 488 2763 Sobel.
513 2720 574 2761 ree.
600 2695 638 2759 ad
665 2698 727 2758 635
752 2699 825 2779 (uon
849 2694 886 2758 R.
911 2718 1012 2779 neque
1031 2694 1083 2778 V.)
1102 2697 1135 2760 ἐκ
1155 2696 1259 2768 Φινέως
1279 2696 1464 2776 Σοφοκνέονς

338 2813 351 2878 ὃ
387 2812 501 2891 στίχες.
539 2809 641 2874 Schol.
674 2807 753 2873 l'en.
786 2811 849 2871 636
880 2815 981 2873 τοῦτον
1004 2809 1035 2873 δὲ
1058 2810 1091 2873 ἐκ
1116 2809 1220 2882 Φινέως
1240 2815 1317 2891 Σοφ.
1344 2809 1461 2888 έλνιβεν.

337 2926 452 2992 Nauck
470 2925 592 2990 Veneto
611 2930 734 2987 tanturn
752 2923 846 2987 schol.
868 2922 899 2987 h.
919 2923 940 2986 l.
960 2923 1052 2987 fidem
1073 2921 1247 2987 habendam
1260 2948 1325 2988 esse
1337 2923 1464 2989 arbitra·

338 3050 392 3105 tur
415 3048 447 3104 et
467 3040 598 3124 priorem
621 3060 743 3101 versum
763 3035 884 3100 Phineo
904 3035 1071 3100 abiudicat.
1085 3036 1164 3100 Cum
1178 3044 1283 3101 tamen
1297 3037 1464 3120 utriusque

339 3177 446 3219 versus
478 3152 563 3218 color
594 3153 635 3215 sit
665 3151 803 3235 tragicus
834 3151 918 3235 iique
949 3151 1064 3236 optime
1096 3152 1176 3215 inter
1207 3176 1239 3215 sc
1271 3152 1464 3231 cohaereant,

339 3291 443 3352 neque
474 3272 575 3331 τοῦτον
605 3267 653 3330 τὸν
685 3266 789 3344 στίχον
819 3264 873 3328 sed
902 3269 1000 3328 τωῖιτιι
1024 3271 1154 3328 annotet
1178 3264 1273 3329 schol.
1298 3264 1379 3331 Veu.
1403 3289 1465 3330 uou

339 3381 429 3444 uideo
465 3402 520 3442 cur
556 3378 690 3442 alterum
721 3385 844 3441 tautum
874 3399 995 3440 vorsum
1028 3376 1150 3441 Phineo
1181 3376 1401 3442 tribueremus
1426 3379 1464 3444 Iu

340 3492 464 3558 scholiis
499 3490 724 3556 recentioribus
759 3513 994 3574 nonnumquam
1030 3491 1113 3554 locos
1148 3491 1282 3576 tragicos
1313 3491 1467 3556 iudicatos

341 3633 406 3674 csse
441 3609 496 3692 qui
533 3608 564 3671 iu
597 3607 635 3671 R.
668 3613 699 3670 et
732 3605 771 3672 V.
802 3605 926 3684 desunt,
957 3606 1070 3670 docent
1094 3606 1195 3671 Schol.
1220 3605 1299 3670 Rau.
1325 3609 1409 3670 1225
1435 3615 1467 3670 et

343 3724 439 3786 1238.
472 3720 583 3784 Utitur
614 3727 774 3805 praeterea
797 3718 897 3783 verbis
920 3716 1142 3796 ἐξωμμάτωτωι
1166 3720 1225 3782 ari.
1252 3719 1405 3783 Aelianus
1429 3721 1467 3784 de

341 3835 383 3900 N.
415 3836 454 3899 al.
488 3833 585 3897 Xl'll
623 3837 675 3910 20,
707 3834 761 3917 qui
793 3835 830 3897 dc
862 3832 1049 3897 hirundine:
1074 3833 1187 3904 ικύτκς
1210 3858 1247 3910 νε
1271 3834 1326 3910 μὲν
1350 3833 1400 3897 ἐνέν
1424 3858 1467 3904 τις

341 3949 498 4028 έκκεντήορ
538 3947 658 4031 (Valet.
691 3971 746 4032 pro
778 3947 921 4033 κεντήοκ)
956 3947 1022 4019 τοὺς
1052 3945 1236 4027 &placantia
1261 3946 1389 4023 γίνεσέοιι
1413 3946 1468 4023 μὲν

341 4061 436 4134 αὐτὴν
459 4069 649 4141 ιινιρκχρῆμιι
673 4062 800 4140 τυφλὴν,
825 4059 905 4137 μετὰ
928 4065 1028 4124 τοῦτον
1048 4061 1079 4123 δὲ
1097 4056 1323 4136 έξομμοιιοῦτκι
1342 4057 1394 4122 κει)
1412 4059 1468 4131 τοὶς

342 4176 428 4256 κέρως
452 4175 687 4254 λελάμπρυντκι,
712 4175 763 4239 xxi
789 4172 821 4248 ἐξ
845 4175 982 4254 §exmia
1004 4175 1063 4256 ὁρᾷ,
1084 4177 1121 4246 ὡς
1142 4175 1247 4244 ε’κεῑνές
1260 4174 1467 4258 (Aristoteles)

343 4296 428 4368 Φκοι,
453 4297 484 4352 et
509 4289 572 4351 veri
597 4295 644 4351 est
667 4288 800 4351 similius
820 4312 835 4349 e
859 4288 977 4370 tragico
998 4287 1072 4351 hacc
1092 4286 1275 4351 desumsisse
1288 4286 1468 4364 Aelianum,

347 4403 402 4486 qui
423 4402 545 4487 saepius
564 4403 698 4487 tragicos
721 4402 833 4488 tangit,
854 4423 947 4484 quam
961 4425 977 4465 e
989 4402 1114 4466 comico.
1128 4400 1201 4464 Non
1215 4401 1296 4464 euim
1311 4398 1470 4484 probanda
