3592 5484
796 680 884 726 evus.
1331 668 1371 729 91

274 846 338 912 ὁδ’
361 846 518 926 ἐμπρήσας
548 845 623 926 eho(
653 846 690 911 ho
712 848 857 930 πυρκαεὺρ
879 847 1048 930 όνομοόζοντο
1072 851 1140 914 κατ’
1166 849 1319 930 Αἰσχύλον
1342 850 1395 916 καὶ
1508 919 1509 922 Ἴ

273 958 444 1040 Σοφοκλέα,
475 956 564 1031 οὕτως
593 961 818 1042 ἐπιγράψαντος
848 960 888 1026 πα
919 961 1070 1043 δράματα,
1099 963 1148 1027 τόν
1173 961 1227 1041 μὲν
1250 965 1300 1028 τόν
1323 972 1395 1045 Προ-

274 1070 382 1152 μηθέα,
406 1073 454 1137 τὸν
476 1071 508 1136 δὲ
529 1073 577 1136 τόν
596 1073 760 1140 Ναύπλιον.
784 1078 869 1144 Quod
883 1076 1068 1159 aptieeimnm
1087 1077 1222 1160 Nauplio
1234 1078 1395 1160 Sophocleo,

274 1186 327 1271 qui
357 1208 448 1250 naoee
474 1189 676 1267 coneremaon‘t,
705 1190 853 1271 epitheton
873 1191 958 1274 fnit,
991 1191 1122 1273 ineptum
1155 1215 1221 1256 oero
1253 1200 1297 1256 eet
1323 1193 1398 1258 Pro·

107 1314 111 1319 ’
209 1334 211 1338 ·
274 1301 384 1364 metheo
413 1300 467 1384 qni
493 1300 573 1364 nihil
599 1301 763 1366 huiaenodi
793 1305 932 1368 oommieit
954 1308 1007 1368 eol
1028 1305 1122 1386 ν’ρυενν
1142 1305 1211 1372 Jooi
1232 1314 1399 1391 eurreptum

275 1437 340 1479 eum
363 1414 535 1478 nortalihue
557 1398 787 1495 communicarit,
813 1413 901 1501 qaam
915 1419 1051 1502 jahalae
1067 1418 1259 1483 Prometheae
1273 1427 1400 1502 partem,

147 1565 150 1572 ·
274 1526 459 1609 optiminam
494 1527 565 1591 iooie
598 1528 766 1613 lueihaeque
800 1530 974 1615 Satyrorum
1006 1533 1167 1616 Aeeehytne
1197 1533 1340 1598 traetaoe't
1367 1533 1401 1598 in

275 1640 449 1704 Prometheo
471 1663 503 1704 eo
524 1641 577 1725 qui
598 1643 734 1725 tritoniae
757 1644 888 1726 traaioae
908 1667 945 1708 eu
967 1644 1092 1724 Phineo,
1116 1647 1221 1710 Pereie
1237 1654 1267 1710 et
1289 1648 1401 1712 Ghauao

274 1752 433 1817 Potniener'
454 1755 626 1836 eompoeitae
648 1757 710 1838 (Oh.
737 1759 788 1836 76,
816 1760 846 1840 l)
870 1759 1003 1822 adieeleae
1017 1760 1102 1845 snit,
1125 1767 1162 1822 at
1179 1782 1215 1822 ee
1232 1760 1400 1825 didascalia

274 1866 438 1932 Persarum
468 1869 598 1933 novinae
605 1896 618 1945 ,·
648 1871 701 1954 qui
727 1870 917 1937 Prometheae
941 1872 1084 1954 πυρφόρος
1107 1876 1275 1958 appellatur
1297 1883 1341 1939 eet
1364 1883 1399 1939 ut

274 2006 295 2046 a
324 1981 496 2046 Prometheo
516 1982 651 2063 δεομόπρ
674 1993 703 2047 et
725 1984 895 2075 Prometheo
917 1986 1048 2068 λυομένῳ
1071 1988 1313 2070 dietinoueretur,
1327 1990 1399 2073 for-

275 2103 354 2160 taeee
372 2102 444 2177 poet
473 2097 657 2178 tetralooian
686 2099 770 2162 illam
792 2101 921 2183 eorr'yitie.
948 2102 1005 2165 Cui
1026 2102 1187 2183 coanomini
1209 2101 1321 2166 Polluta
1342 2125 1398 2166 me·

275 2211 384 2275 moriae
411 2233 509 2274 errore
540 2211 688 2291 Πυρκαεύς
718 2215 893 2289 eahetitait;
920 2223 1044 2278 utnon
1070 2215 1237 2279 miramlan
1259 2215 1301 2278 eit
1324 2215 1398 2278 Pro·

276 2325 419 2388 metheum
448 2324 581 2404 πυρκαὲα
608 2349 628 2388 a
650 2327 763 2390 nemine
784 2328 845 2390 nr'ei
869 2328 989 2392 Polluce
1010 2330 1174 2406 memorari,
1202 2331 1255 2412 qui
1274 2350 1399 2392 errorem

275 2436 395 2531 repetiit
416 2437 450 2500 X
472 2439 523 2516 64,
547 2439 597 2500 ali
618 2460 731 2503 aereum
753 2443 820 2503 λννοῖ
840 2437 881 2513 δὲ,
906 2439 1000 2504 πίσσα
1019 2440 1180 2518 κώμνλόνου
1202 2438 1307 2521 μακροὶ
1326 2439 1399 2506 πόνον

275 2571 312 2614 ee
339 2550 439 2615 Pron.
470 2558 597 2630 πυρκαεῖ
621 2553 723 2638 affert,
750 2574 839 2637 qaum
861 2553 997 2635 πυρφόρῳ
1020 2555 1116 2618 dicere
1138 2555 1290 2619 debriaret.
1317 2556 1403 2622 Quod
1502 2539 1505 2547 ’

276 2670 374 2728 auten
403 2672 458 2745 Πρ.
490 2663 632 2745 πυρφόρος
661 2666 754 2730 tribue
781 2667 914 2731 adieetue
933 2668 1009 2751 fuit
1033 2667 1200 2750 traqoedir‘e,
1224 2689 1299 2752 qnae
1320 2667 1401 2731 nihil

276 2801 342 2842 oum
369 2778 542 2843 Prometheo
569 2801 713 2843 commune
738 2781 854 2859 hahent,
877 2780 974 2862 ineam
996 2802 1106 2865 qnoque
1128 2782 1331 2864 quodammodo
1353 2780 1399 2844 in·

275 2892 352 2957 dieio
379 2898 425 2956 eet
446 2892 593 2976 sahulem
621 2894 657 2955 de
685 2891 854 2957 Prometheo
877 2894 1018 2978 Aeeehylo
1041 2916 1100 2957 non
1122 2914 1182 2957 eeee
1203 2893 1295 2958 oiean
1317 2893 1398 2977 enffi·

276 3028 339 3071 eere
368 3008 412 3070 ad
432 3013 493 3069 tree
515 3006 680 3087 traqoedr'ae
701 3009 916 3088 componendae.
939 3007 1021 3071 Nam
1043 3007 1072 3070 ei
1093 3007 1244 3088 trihyiam
1265 3006 1397 3088 ecripeie·

276 3127 330 3198 eet,
354 3121 470 3204 quatem
492 3119 552 3183 oiri
572 3119 651 3183 docti
665 3121 833 3203 finxerunt,
857 3127 963 3204 qnarto
979 3122 1039 3184 loeo
1058 3128 1110 3201 Πρ.
1132 3120 1274 3200 πυρφόρον
1292 3122 1400 3184 addere

270 3233 429 3316 poterunt,
459 3233 517 3296 etei
547 3233 660 3298 inoereo
689 3235 798 3314 ordme,
822 3237 1056 3320 quemadmodum
1079 3233 1254 3315 tetralooiae
1280 3232 1398 3316 Oedipo·

277 3349 357 3428 deae,
392 3369 429 3411 ee
460 3348 545 3427 hoio,
578 3350 683 3434 Oedipo
711 3357 740 3413 et
771 3349 884 3431 Septem
913 3351 1054 3411 adaerere
1086 3347 1197 3410 Thebae
1218 3345 1398 3428 eonpoeitae,
1515 3429 1523 3436 ¹

276 3460 409 3543 Σφίγγα
431 3465 586 3542 σατυρικόν
608 3464 726 3542 adiecit,
745 3463 847 3527 ordine
860 3462 981 3544 pariter
1003 3459 1149 3526 inoereo.’'

323 3572 372 3639 De
395 3575 530 3659 singulis
552 3574 711 3640 videamus

324 3691 354 3754 1.
383 3688 501 3754 Eorum
523 3712 604 3774 qnae
626 3697 781 3776 postremo
804 3689 872 3754 loeo
893 3689 982 3753 affert
1005 3687 1045 3751 D.
1068 3689 1132 3752 vim
1155 3710 1219 3753 non
1243 3709 1398 3772 assequor.

277 3802 352 3869 Non
383 3805 467 3868 enim
492 3803 583 3869 video
613 3803 767 3888 quomodo
790 3803 964 3887 Aeschylus
987 3802 1131 3888 trilogiee
1154 3810 1263 3882 Πυρφ.,
1288 3810 1398 3879 Δεομ.,

278 3927 377 3994 Λυομ.
409 3916 515 3980 drame
544 3916 658 3982 addere
689 3918 845 4003 potuisset
867 3917 1036 4001 satyricum
1059 3914 1144 3998 quod
1167 3914 1251 3978 idem
1272 3912 1400 3978 heberet

229 4004 232 4010 Ι
277 4036 500 4114 argumentum
521 4052 558 4094 ae
579 4031 677 4115 prime
699 4029 868 4114 tragoedia.

324 4145 354 4205 2.
377 4139 502 4206 Nomen
533 4141 727 4223 ,,πυρκαεός”
758 4141 881 4207 Polluci
911 4139 1017 4205 deberi
1047 4139 1128 4205 nihil
1160 4146 1207 4203 eet
1237 4140 1297 4204 uisi
1328 4163 1399 4205 con·

276 4257 398 4321 ieoturo
435 4277 517 4340 quae
556 4277 620 4319 non
654 4256 795 4320 firmetur
828 4261 1014 4340 argumento
1047 4276 1065 4318 e
1100 4251 1262 4317 Dindorfio
1292 4253 1397 4318 allato.

278 4367 372 4449 Quod
401 4368 495 4433 dieit:
518 4417 540 4447 ,,
549 4368 742 4453 aptissimum
765 4367 904 4453 Nauplio
927 4365 1110 4452 Sophocleo,
1134 4366 1190 4450 qui
1209 4387 1306 4430 neves
1330 4387 1400 4430 eou-
1509 4449 1520 4464 ο

276 4483 473 4562 »απυιυυυίόρ
500 4481 660 4567 epitheton
688 4481 761 4560 fuit,
793 4482 937 4566 ineptum
965 4502 1039 4545 vero
1068 4484 1117 4543 eei
1138 4477 1344 4544 Prometheo''
1366 4480 1399 4544 in
