3592 5484
365 652 407 714 ⁷2
870 669 945 714 Pax.

344 835 568 923 Aristophanes
609 836 862 924 Bellerophontis
904 837 1049 921 querelas
1091 835 1209 901 imitari
1248 833 1386 900 videtur.
1420 833 1468 900 cf.

341 949 464 1015 Thosm.
491 953 542 1016 71.

386 1064 456 1130 Vas.
481 1068 631 1131 82-101
656 1074 732 1132 sunt
753 1065 1002 1153 paratragoediu.

342 1317 397 1382 Vs.
424 1310 504 1380 114.
606 1313 628 1382 ὦ
651 1318 753 1399 τόπερ,
778 1313 800 1381 οδ
822 1317 928 1398 πιότερ,
952 1312 997 1398 ἄρ’
1020 1315 1129 1394 ἔτυμός
1150 1340 1188 1394 γε
1226 1350 1230 1355 ·
1341 1385 1345 1391 ,

608 1432 741 1510 δώμασιν
764 1431 914 1512 ἡμετέροις
937 1430 1032 1512 φάτις
1055 1427 1118 1503 ν’ἱκει

513 1616 517 1622 ,
606 1548 644 1618 ὡς
669 1545 707 1609 σὺ
729 1545 790 1610 κτὲ.

386 1657 488 1723 Schol.
511 1657 594 1739 παρὰ
615 1658 656 1722 τόν
677 1655 711 1734 ἕξ
732 1659 839 1724 Αἰόλου
862 1658 1024 1739 Εὐριπίδου

742 1765 787 1852 ἆρ’
810 1769 919 1850 ἔτυμον
941 1770 1037 1852 φάτιν
1060 1770 1151 1849 ἔγνων

609 1883 713 1950 Αἴολον
734 1885 864 1966 εὐνόζειν
886 1885 979 1950 τέκνα
1002 1884 1161 1965 φίλτατας

340 2025 379 2088 fr.
411 2026 463 2089 17.
495 2021 598 2087 Verbo
622 2023 844 2110 Aristophanis
868 2024 945 2088 satis
967 2023 1158 2110 discrepant,
1181 2022 1340 2109 parodiam
1361 2031 1467 2088 tamen

340 2159 377 2201 ea
399 2137 556 2201 continere
579 2136 690 2223 probat
712 2161 756 2201 rs.
782 2140 857 2201 119.

340 2386 395 2452 Vs
422 2380 501 2450 119.
528 2385 652 2462 δοξόσαι
675 2388 747 2462 ἔστι,
773 2390 864 2470 κόραι·
886 2390 921 2454 τὸ
944 2387 970 2454 δ’
999 2388 1147 2465 ἐτήτυμον
1169 2386 1304 2468 ἄχθομαι
1325 2387 1404 2466 ὑμῖν.

385 2501 489 2565 Schol.
513 2501 566 2566 καὶ
589 2508 674 2567 τοῦτο
698 2504 769 2584 πρὸς
792 2504 825 2568 τὸ
849 2499 884 2578 ἐξ
906 2502 1014 2568 Aeliae
1037 2501 1195 2583 Εὐριπίδου
1217 2501 1285 2574 ἔτος

473 2613 595 2691 δοξοόσιιι
618 2616 689 2690 ἔστι,
714 2617 803 2698 κόραι·
828 2618 862 2681 τὸ
881 2615 909 2681 δ’
937 2615 1083 2694 ἐτήτυμον
1102 2616 1155 2680 οὐκ
1177 2613 1239 2696 ἔχω
1261 2616 1361 2680 εἰπεῖν.

338 2753 376 2818 fr.
411 2756 462 2817 18.
492 2754 678 2839 Alloquitur
709 2755 825 2840 aliquis
855 2755 998 2821 chorum.
1030 2756 1083 2820 Au
1105 2754 1146 2819 ad
1169 2753 1252 2818 idem
1275 2754 1466 2840 colloquium

339 2869 527 2954 pertinuerit
550 2891 613 2954 quo
636 2870 673 2934 fr.
703 2872 741 2936 17
767 2872 934 2935 nescimus.
960 2870 993 2934 Si
1015 2869 1218 2956 pertinuerit,
1231 2869 1361 2935 Seidleri
1372 2870 1466 2935 lectio

339 2981 427 3048 Δῖολό
449 2985 489 3063 τ’,
512 2984 549 3048 fr.
576 2985 628 3065 17,
653 2987 697 3070 (in
722 2984 790 3049 eod.
816 2983 933 3070 Αἴολος)
957 3008 1033 3051 vera
1056 3007 1122 3049 esse
1145 2985 1266 3069 nequit.

337 3231 393 3297 Vs.
419 3224 500 3294 124.
547 3242 581 3298 K.
607 3232 660 3297 καὶ
683 3234 728 3306 τίς
750 3234 834 3313 πόρος
858 3257 902 3298 σοι
924 3241 980 3307 τῆς
1003 3233 1069 3298 όδοῦ
1092 3231 1265 3310 νενόσεπαις

603 3353 675 3420 ναῦς
698 3349 754 3425 μὲν
779 3347 838 3428 γὰρ
862 3349 914 3412 οὐκ
936 3344 1001 3421 ἄξει
1024 3371 1059 3410 σε
1081 3345 1194 3419 ταύτην
1217 3347 1271 3417 τὴν
1293 3345 1364 3410 όδόν.

536 3469 575 3524 Τ.
601 3462 706 3533 πνννὸς
729 3460 858 3539 πορεύσει
883 3465 993 3531 πῶλος·
1016 3461 1049 3524 οὐ
1073 3459 1308 3535 ναυσθλώσομαι

380 3583 482 3649 Schol.
516 3608 559 3651 vs.
598 3589 670 3650 125.
695 3586 708 3651 ό
740 3590 828 3665 λόγος
859 3588 892 3651 ἐκ
922 3586 1100 3663 rossoton
1132 3586 1302 3665 Εὐριπίδου.
1335 3587 1409 3658 τινὲς
1433 3586 1464 3651 δὲ

335 3697 440 3763 οἴονται
462 3701 496 3764 ἐκ
519 3702 747 3780 Βελλεροφόντου
771 3702 942 3781 παρῳδῆσαι
969 3699 1188 3785 (παρῳδῆσόαι.
1208 3720 1237 3761 v.
1258 3696 1381 3780 Hera.)
1402 3699 1464 3763 ἔστι

335 3811 367 3875 δὲ
393 3813 422 3874 ἐν
453 3813 610 3896 Σόενεβοία
641 3814 722 3895 παρδ
752 3815 793 3894 τῷ
815 3816 946 3894 τραγικῷ
970 3811 1060 3885 οὗτος
1082 3811 1210 3886 „rime
1234 3812 1333 3876 δέ-
1356 3814 1463 3886 πτηνὸς

335 3926 470 4006 πορεύσει.
503 3926 540 3990 sr.
573 3930 646 3991 665.
672 3926 815 3991 Fortasse
837 3935 908 4012 post
931 3925 1061 4005 πορεύσει
1084 3925 1117 3989 in
1141 3923 1258 3989 scholio
1281 3924 1463 3990 exciderunt

333 4036 426 4101 verba
460 4044 566 4111 πῶλος·
589 4042 620 4103 οὐ
646 4041 872 4116 ναυσόλόσομαι
897 4039 1023 4122 fuitque
1047 4039 1080 4101 in
1107 4038 1267 4122 tragoedia
1289 4040 1464 4111 πτηνὸς-

332 4154 555 4230 ναυσθλώσομαι
588 4152 853 4240 Bellerophontis.
879 4152 928 4216 De
952 4150 1169 4215 Stheneboeae
1191 4158 1377 4235 argumento
1399 4149 1460 4214 vid.

332 4263 434 4329 Schol.
470 4268 563 4351 Greg.
591 4265 661 4331 Cor.
694 4289 743 4353 ap.
773 4264 871 4330 Dind.
904 4266 941 4330 fr.
977 4263 1088 4329 Sthen.
1118 4264 1261 4329 Fortasse
1284 4265 1378 4328 etiam
1400 4286 1460 4328 res.

334 4378 397 4439 124
422 4386 455 4440 et
480 4382 540 4443 125
564 4402 602 4444 er
625 4379 732 4444 eodem
753 4380 895 4444 dramate
916 4377 1051 4443 derivati
1074 4385 1160 4442 sunt

376 4489 430 4554 Vs.
456 4494 519 4557 135
544 4503 592 4558 est
613 4494 859 4581 paratragoedia.
