3592 5484
777 699 1010 747 senonenses.
1388 686 1429 749 23

378 872 450 954 Quo
473 872 564 937 modo
588 869 809 980 post‘Telephi
831 871 1006 936 orationem
1024 871 1207 956 processerit
1227 870 1386 957 tragoedia
1405 894 1441 937 ex

327 1009 449 1076 ‘ponere
472 983 605 1050 conabor
626 984 669 1050 ad
689 984 1024 1072 Thesmophoriazusas
1047 988 1101 1070 (vs.
1128 986 1212 1068 692).

331 1219 386 1288 Vs.
411 1213 493 1287 637.
627 1220 817 1305 ἰοστεφάνους
1434 1284 1437 1290 .

375 1335 460 1402 Usus
488 1343 537 1402 est
565 1335 723 1423 epithetis.
743 1335 909 1419 ἰοστέφανοι
939 1342 972 1400 et
1001 1334 1125 1416 λιπαραὶ
1151 1333 1317 1415 Pindarus,
1340 1334 1453 1421 Bergk.

331 1451 369 1516 fr.
395 1454 448 1531 54,
942 1462 945 1468 ·

339 1575 341 1579 ’
375 1562 427 1630 Ὦ
450 1565 501 1630 ταὶ
523 1563 647 1647 λιπαραὶ
670 1565 720 1629 καὶ
742 1564 909 1648 ἰοστέφανοι
932 1562 984 1629 καὶ
1007 1563 1135 1643 ἀοίδιμοι

378 1678 525 1765 Ἑλλάδος
548 1677 677 1760 ἔρεισμα,
700 1686 814 1744 κλεῖναι
836 1677 980 1752 ’Addume
1004 1678 1149 1756 δαιμόνιον
1171 1675 1347 1755 πτολίεθρον.

377 1791 498 1857 Similia
528 1792 678 1878 leguntur
700 1791 814 1857 Isthm.
839 1790 875 1857 Π
902 1794 955 1872 20,
979 1789 1073 1876 Pyth.
1099 1789 1165 1856 VH
1191 1793 1206 1854 l
1233 1798 1265 1854 et
1286 1791 1399 1878 passim
1417 1792 1452 1856 in
1548 1791 1551 1797 ’

331 1905 500 1992 tragoediis
529 1905 621 1994 Soph.
646 1912 679 1971 et
700 1905 777 1971 Eur.
786 1933 796 1985 3
820 1908 876 1971 Ar.
900 1905 959 1991 Eq.
985 1907 1083 1985 1329,
1108 1903 1194 1970 Nub.
1220 1906 1294 1985 300,
1317 1904 1354 1969 fr.
1380 1907 1454 1968 162.

333 2126 387 2194 Vs·
414 2121 617 2192 659-664.
642 2130 711 2211 πρὸς
733 2136 834 2194 ταῦτα
856 2128 955 2193 Κλέων
979 2126 1031 2192 καὶ
1055 2126 1255 2206 παλαμάσθω

642 2241 694 2307 καὶ
719 2247 780 2306 ποῖν
802 2243 849 2306 ἐπ’
870 2240 937 2320 ἐμοὶ
960 2238 1170 2306 τεκταινέσθω.
1195 2241 1255 2305 κτέ.

379 2355 428 2420 Fr.
455 2358 529 2421 910.
552 2355 757 2443 Euripideum
789 2379 854 2420 esse
883 2353 988 2420 locum
1010 2353 1103 2419 docet
1126 2354 1254 2433 Suidas;
1280 2378 1296 2418 e
1319 2352 1456 2439 Telepho

205 2473 209 2481 '
335 2470 470 2556 petitum
507 2492 572 2534 esse
602 2492 714 2554 magna
743 2471 809 2534 veri
837 2469 939 2555 specie
971 2467 1105 2532 coniecit
1134 2466 1248 2551 Bergk.
1272 2465 1333 2531 Pro
1356 2466 1458 2531 verbis

332 2583 500 2669 fragmenti
523 2584 591 2665 πρὸς
613 2581 705 2649 ταῦθ’
729 2580 793 2648 ὅτι
815 2582 875 2663 χρὴ
899 2604 972 2647 cum
995 2580 1153 2662 Nauckio,
1175 2580 1286 2667 Eurip.
1311 2581 1401 2645 Stnd.
1421 2579 1457 2645 H

336 2720 367 2784 p.
395 2699 673 2777 remaneremus
697 2697 766 2779 πρὸς
789 2695 881 2763 ταῦθ’
906 2695 924 2761 ὅ
944 2720 972 2760 τι
994 2705 1065 2777 χρῇ,
1091 2697 1112 2760 i.
1136 2720 1169 2759 e:
1194 2719 1268 2782 quae
1290 2697 1371 2761 velit.

331 2919 386 2984 Vs·
411 2912 493 2985 731.
517 2920 587 2983 αλλ’
610 2915 631 2983 d
655 2921 764 3001 πονηροὶ
786 2921 861 3002 κώρι’
882 2919 979 2985 α’θλίω
1001 2919 1120 3000 πατρός.

283 3060 288 3088 2
374 3031 478 3098 Verba
500 3034 640 3118 graviora
663 3056 719 3119 pro
742 3032 920 3099 conditione
943 3033 1090 3112 hominis,
1112 3035 1166 3118 qui
1187 3033 1265 3098 filias
1284 3056 1356 3100 suas
1373 3034 1453 3099 ieme
1478 3013 1482 3019 .

331 3145 485 3211 confectas
509 3147 631 3211 venales
653 3146 751 3228 affert,
775 3169 847 3212 mox
871 3154 909 3211 ut
932 3146 1086 3233 percellas
1109 3145 1303 3213 venditurus.
1325 3147 1382 3213 Est
1403 3171 1455 3235 pa·

332 3260 536 3346 ratragoedia.
947 3241 951 3250 ¹
1320 3265 1327 3273 ”

333 3482 386 3547 Vs.
412 3477 494 3548 881.
530 3480 551 3548 ὦ
585 3487 776 3564 τερπνότατον
805 3487 842 3550 σὺ
873 3486 1023 3566 τέμαχος.
1044 3484 1206 3567 ἀνθρώποις
1237 3486 1338 3568 Φέρων.
1370 3485 1454 3550 Mihi

331 3598 405 3663 haec
429 3599 546 3684 legenti
569 3599 723 3663 succurrit
746 3621 852 3663 versus
875 3599 930 3663 ille
956 3598 1164 3685 Aeschyleus:
1353 3598 1357 3606 ’

574 3707 595 3776 d
617 3715 705 3778 κοινὸν
728 3713 879 3794 ὠφέλημα
901 3713 1051 3786 θνητοῖσιν
1074 3713 1187 3795 Φανεές,

328 3825 421 3891 verbo
450 3825 506 3890 Ius
537 3824 759 3890 Prometheum
788 3827 995 3910 agnoscentis,
1027 3848 1118 3911 quoe,
1150 3827 1290 3911 quamvis
1317 3827 1350 3891 in
1373 3827 1453 3892 mul-

328 3940 370 4003 tis
402 3938 588 4025 discrepent,
619 3960 683 4003 non
713 3945 819 4003 temen
849 3939 943 4025 plane
972 3961 989 4002 a
1022 3947 1129 4004 nostro
1150 3961 1241 4003 versu
1264 3940 1364 4004 aliene
1388 3963 1452 4004 esse

329 4053 478 4138 suspicor.
515 4050 650 4116 Videtur
684 4051 744 4116 hoc
778 4051 926 4138 Aeschyli
961 4050 1029 4116 loco
1064 4052 1211 4116 accidisse
1244 4052 1327 4136 quod
1357 4050 1454 4138 pluri·
1550 4119 1554 4128 ,

330 4165 388 4229 mis
410 4165 480 4229 aliis
505 4163 554 4248 (cf.
580 4162 654 4228 cob.
679 4162 755 4229 Ver.
780 4165 853 4230 lect.
878 4188 909 4251 p.
936 4168 967 4248 9)
991 4163 1122 4243 accidit;
1147 4164 1265 4229 locutio
1288 4165 1361 4230 inde
1383 4171 1451 4230 orte

329 4285 388 4356 est,
412 4299 516 4362 quam,
540 4283 579 4341 ut
602 4300 650 4343 res
673 4278 863 4364 postulabat,
886 4278 926 4342 nd
949 4299 1041 4342 suurn
1066 4300 1157 4343 usum
1182 4279 1314 4363 quisque
1336 4301 1452 4343 accom-

328 4390 483 4456 modabat.
508 4390 559 4456 Sic
581 4393 692 4458 chorus
714 4391 870 4477 Equitum
895 4393 962 4476 (Ar.
988 4391 1047 4476 Eq.
1072 4394 1148 4476 836)
1171 4391 1331 4458 andaciam
1354 4401 1386 4458 et
1408 4394 1451 4458 fa·

329 4505 473 4571 cundiam
499 4507 674 4591 Agoracriti
697 4507 864 4587 admirans,
888 4505 1055 4571 exclamet:
