<?xml version="1.0" encoding="UTF-8"?>
<!DOCTYPE html PUBLIC "-//W3C//DTD XHTML 1.0 Transitional//EN"
    "http://www.w3.org/TR/xhtml1/DTD/xhtml1-transitional.dtd">
<html xmlns="http://www.w3.org/1999/xhtml" xml:lang="en" lang="en">
 <head>
  <title>
</title>
<meta http-equiv="Content-Type" content="text/html;charset=utf-8" />
  <meta name='ocr-system' content='tesseract 3.04.00' />
  <meta name='ocr-capabilities' content='ocr_page ocr_carea ocr_par ocr_line ocrx_word'/>
</head>
<body>
  <div class='ocr_page' id='page_1' title='image "./deparodiaincomo01bakhgoog_0030.png"; bbox 0 0 3592 5484; ppageno 0'>
   <div class='ocr_carea' id='block_1_1' title="bbox 790 659 1025 707">
    <p class='ocr_par' dir='ltr' id='par_1_1' title="bbox 790 659 1025 707">
     <span class='ocr_line' id='line_1_1' title="bbox 790 659 1025 707; baseline -0.013 0"><span class='ocrx_word' id='word_1_1' title='bbox 790 659 1025 707; x_wconf 75' lang='lat' dir='ltr'><strong>ACHARNENSES.</strong></span> 
     </span>
    </p>
   </div>
   <div class='ocr_carea' id='block_1_2' title="bbox 348 828 1560 1487">
    <p class='ocr_par' dir='ltr' id='par_1_2' title="bbox 392 828 1124 914">
     <span class='ocr_line' id='line_1_2' title="bbox 392 828 1124 914; baseline -0.008 -16"><span class='ocrx_word' id='word_1_2' title='bbox 392 837 467 900; x_wconf 86' lang='grc'><strong>456.</strong></span> <span class='ocrx_word' id='word_1_3' title='bbox 491 834 616 914; x_wconf 57' lang='grc' dir='ltr'><strong>λυπηρὸς</strong></span> <span class='ocrx_word' id='word_1_4' title='bbox 638 829 697 897; x_wconf 71' lang='lat' dir='ltr'><strong>tst‘</strong></span> <span class='ocrx_word' id='word_1_5' title='bbox 725 830 763 894; x_wconf 78' lang='grc' dir='ltr'><strong>ὢν</strong></span> <span class='ocrx_word' id='word_1_6' title='bbox 784 832 996 911; x_wconf 68' lang='grc' dir='ltr'><strong><em>κάποχώρησον</em></strong></span> <span class='ocrx_word' id='word_1_7' title='bbox 1020 828 1124 907; x_wconf 76' lang='grc' dir='ltr'><strong>δόμων.</strong></span> 
     </span>
    </p>

    <p class='ocr_par' dir='ltr' id='par_1_3' title="bbox 393 942 1139 1026">
     <span class='ocr_line' id='line_1_3' title="bbox 393 942 1139 1026; baseline -0.011 -12"><span class='ocrx_word' id='word_1_8' title='bbox 393 953 469 1014; x_wconf 97' lang='grc'><strong>460.</strong></span> <span class='ocrx_word' id='word_1_9' title='bbox 736 943 796 1012; x_wconf 67' lang='grc'><strong>7511</strong></span> <span class='ocrx_word' id='word_1_10' title='bbox 822 946 947 1026; x_wconf 70' lang='grc' dir='ltr'><strong>ὀχληρὸς</strong></span> <span class='ocrx_word' id='word_1_11' title='bbox 970 943 1007 1008; x_wconf 78' lang='grc' dir='ltr'><strong>ὢν</strong></span> <span class='ocrx_word' id='word_1_12' title='bbox 1030 942 1139 1020; x_wconf 73' lang='grc' dir='ltr'><strong>δόμοις.</strong></span> 
     </span>
    </p>

    <p class='ocr_par' dir='ltr' id='par_1_4' title="bbox 348 1054 1560 1260">
     <span class='ocr_line' id='line_1_4' title="bbox 394 1054 1560 1154; baseline -0.006 -26"><span class='ocrx_word' id='word_1_13' title='bbox 394 1067 470 1130; x_wconf 85' lang='grc'><strong>479.</strong></span> <span class='ocrx_word' id='word_1_14' title='bbox 737 1069 810 1141; x_wconf 66' lang='grc' dir='ltr'><strong>κλῇε</strong></span> <span class='ocrx_word' id='word_1_15' title='bbox 839 1055 1125 1154; x_wconf 28' lang='grc' dir='ltr'><strong>πηκτὰιδωμάτων.</strong></span> <span class='ocrx_word' id='word_1_16' title='bbox 1150 1054 1265 1121; x_wconf 83' lang='lat' dir='ltr'>Pollux</span> <span class='ocrx_word' id='word_1_17' title='bbox 1289 1055 1328 1138; x_wconf 86' lang='lat' dir='ltr'><strong>X,</strong></span> <span class='ocrx_word' id='word_1_18' title='bbox 1355 1058 1394 1121; x_wconf 78' lang='grc'><strong>27</strong></span> <span class='ocrx_word' id='word_1_19' title='bbox 1418 1062 1472 1122; x_wconf 78' lang='grc' dir='ltr'><strong>λῦε</strong></span> <span class='ocrx_word' id='word_1_20' title='bbox 1556 1075 1560 1082; x_wconf 89' lang='grc'><em>·</em></span> 
     </span>
     <span class='ocr_line' id='line_1_5' title="bbox 348 1169 1335 1260; baseline -0.008 -18"><span class='ocrx_word' id='word_1_21' title='bbox 348 1176 452 1252; x_wconf 69' lang='grc' dir='ltr'><strong><em>πηκτὰ</em></strong></span> <span class='ocrx_word' id='word_1_22' title='bbox 474 1174 618 1254; x_wconf 68' lang='grc' dir='ltr'><em>δωμάτων</em></span> <span class='ocrx_word' id='word_1_23' title='bbox 640 1173 786 1260; x_wconf 84' lang='lat' dir='ltr'><strong>Euripidi</strong></span> <span class='ocrx_word' id='word_1_24' title='bbox 808 1171 934 1237; x_wconf 80' lang='lat' dir='ltr'><strong>tribuit.</strong></span> <span class='ocrx_word' id='word_1_25' title='bbox 958 1169 1006 1236; x_wconf 81' lang='lat' dir='ltr'><strong>Of.</strong></span> <span class='ocrx_word' id='word_1_26' title='bbox 1030 1170 1073 1236; x_wconf 89' lang='lat' dir='ltr'><strong>N.</strong></span> <span class='ocrx_word' id='word_1_27' title='bbox 1098 1171 1135 1236; x_wconf 84' lang='grc'><strong>11.</strong></span> <span class='ocrx_word' id='word_1_28' title='bbox 1159 1171 1235 1235; x_wconf 88' lang='lat' dir='ltr'><strong>Eur.</strong></span> <span class='ocrx_word' id='word_1_29' title='bbox 1261 1174 1335 1236; x_wconf 88' lang='grc'><strong>991.</strong></span> 
     </span>
    </p>

    <p class='ocr_par' dir='ltr' id='par_1_5' title="bbox 349 1285 1470 1487">
     <span class='ocr_line' id='line_1_6' title="bbox 393 1285 1469 1371; baseline -0.004 -17"><span class='ocrx_word' id='word_1_30' title='bbox 393 1288 488 1354; x_wconf 89' lang='lat' dir='ltr'><strong>Hisce</strong></span> <span class='ocrx_word' id='word_1_31' title='bbox 512 1285 655 1353; x_wconf 89' lang='lat' dir='ltr'><strong>omnihus</strong></span> <span class='ocrx_word' id='word_1_32' title='bbox 677 1294 785 1352; x_wconf 90' lang='lat' dir='ltr'><strong>utrum</strong></span> <span class='ocrx_word' id='word_1_33' title='bbox 808 1285 927 1367; x_wconf 72' lang='grc' dir='ltr'><strong>1555δῇ</strong></span> <span class='ocrx_word' id='word_1_34' title='bbox 947 1307 985 1349; x_wconf 87' lang='grc'><strong>55</strong></span> <span class='ocrx_word' id='word_1_35' title='bbox 1006 1285 1226 1366; x_wconf 68' lang='grc' dir='ltr'><strong>1155515575δῇ</strong></span> <span class='ocrx_word' id='word_1_36' title='bbox 1246 1285 1469 1371; x_wconf 78' lang='lat' dir='ltr'><strong>Aristophanes</strong></span> 
     </span>
     <span class='ocr_line' id='line_1_7' title="bbox 349 1397 1470 1487; baseline -0.003 -19"><span class='ocrx_word' id='word_1_37' title='bbox 349 1426 411 1469; x_wconf 90' lang='lat' dir='ltr'><strong>non</strong></span> <span class='ocrx_word' id='word_1_38' title='bbox 443 1403 553 1487; x_wconf 88' lang='lat' dir='ltr'><strong>liquet.</strong></span> <span class='ocrx_word' id='word_1_39' title='bbox 583 1400 708 1486; x_wconf 85' lang='lat' dir='ltr'><strong>Nauck,</strong></span> <span class='ocrx_word' id='word_1_40' title='bbox 740 1401 777 1466; x_wconf 88' lang='lat' dir='ltr'><strong>lr.</strong></span> <span class='ocrx_word' id='word_1_41' title='bbox 810 1401 859 1465; x_wconf 85' lang='lat' dir='ltr'><strong>ad</strong></span> <span class='ocrx_word' id='word_1_42' title='bbox 894 1397 1470 1487; x_wconf 62' lang='grc'><strong>5515.1155155151151155</strong></span> 
     </span>
    </p>
   </div>
   <div class='ocr_carea' id='block_1_3' title="bbox 350 1517 623 1604">
    <p class='ocr_par' dir='ltr' id='par_1_6' title="bbox 350 1517 623 1604">
     <span class='ocr_line' id='line_1_8' title="bbox 350 1517 623 1604; baseline -0.004 -21"><span class='ocrx_word' id='word_1_43' title='bbox 350 1541 414 1583; x_wconf 89' lang='lat' dir='ltr'><strong>esse</strong></span> <span class='ocrx_word' id='word_1_44' title='bbox 436 1517 623 1604; x_wconf 87' lang='lat' dir='ltr'><strong>suspicatur.</strong></span> 
     </span>
    </p>
   </div>
   <div class='ocr_carea' id='block_1_4' title="bbox 350 1733 1475 1944">
    <p class='ocr_par' dir='ltr' id='par_1_7' title="bbox 350 1733 1475 1944">
     <span class='ocr_line' id='line_1_9' title="bbox 351 1733 1466 1828; baseline 0 -25"><span class='ocrx_word' id='word_1_45' title='bbox 351 1740 405 1806; x_wconf 85' lang='lat' dir='ltr'><strong>Vs.</strong></span> <span class='ocrx_word' id='word_1_46' title='bbox 426 1733 498 1803; x_wconf 91' lang='grc'><strong>446</strong></span> <span class='ocrx_word' id='word_1_47' title='bbox 512 1765 577 1828; x_wconf 83' lang='lat' dir='ltr'><strong>sqq.</strong></span> <span class='ocrx_word' id='word_1_48' title='bbox 597 1741 637 1807; x_wconf 97' lang='grc' dir='ltr'><strong>Ι5</strong></span> <span class='ocrx_word' id='word_1_49' title='bbox 655 1743 714 1807; x_wconf 88' lang='grc'><strong>155</strong></span> <span class='ocrx_word' id='word_1_50' title='bbox 730 1741 888 1826; x_wconf 90' lang='lat' dir='ltr'><strong>colloquio</strong></span> <span class='ocrx_word' id='word_1_51' title='bbox 899 1763 961 1805; x_wconf 91' lang='lat' dir='ltr'><strong>non</strong></span> <span class='ocrx_word' id='word_1_52' title='bbox 974 1740 1155 1827; x_wconf 83' lang='lat' dir='ltr'><strong>Euripidem</strong></span> <span class='ocrx_word' id='word_1_53' title='bbox 1168 1746 1293 1805; x_wconf 92' lang='lat' dir='ltr'><strong>tautum</strong></span> <span class='ocrx_word' id='word_1_54' title='bbox 1307 1741 1466 1806; x_wconf 86' lang='lat' dir='ltr'><strong>sedetiam</strong></span> 
     </span>
     <span class='ocr_line' id='line_1_10' title="bbox 350 1855 1475 1944; baseline -0.003 -22"><span class='ocrx_word' id='word_1_55' title='bbox 350 1856 603 1944; x_wconf 90' lang='lat' dir='ltr'><strong>Dicaeopolidem</strong></span> <span class='ocrx_word' id='word_1_56' title='bbox 633 1877 870 1940; x_wconf 78' lang='lat' dir='ltr'><strong>nonnumquam</strong></span> <span class='ocrx_word' id='word_1_57' title='bbox 901 1855 1002 1920; x_wconf 82' lang='lat' dir='ltr'><strong>verbis</strong></span> <span class='ocrx_word' id='word_1_58' title='bbox 1033 1855 1161 1939; x_wconf 75' lang='lat' dir='ltr'><strong>tragicis</strong></span> <span class='ocrx_word' id='word_1_59' title='bbox 1191 1855 1251 1931; x_wconf 91' lang='lat' dir='ltr'><strong>nti,</strong></span> <span class='ocrx_word' id='word_1_60' title='bbox 1282 1855 1412 1920; x_wconf 89' lang='lat' dir='ltr'><strong>simulac</strong></span> <span class='ocrx_word' id='word_1_61' title='bbox 1435 1855 1475 1920; x_wconf 75' lang='lat' dir='ltr'><strong>rai</strong></span> 
     </span>
    </p>
   </div>
   <div class='ocr_carea' id='block_1_5' title="bbox 195 1968 1472 2060">
    <p class='ocr_par' dir='ltr' id='par_1_8' title="bbox 195 1968 1472 2060">
     <span class='ocr_line' id='line_1_11' title="bbox 195 1968 1472 2060; baseline -0.004 -21"><span class='ocrx_word' id='word_1_62' title='bbox 195 2007 196 2010; x_wconf 38' lang='lat'>¹</span> <span class='ocrx_word' id='word_1_63' title='bbox 316 2055 318 2060; x_wconf 21' lang='grc' dir='ltr'>Ι</span> <span class='ocrx_word' id='word_1_64' title='bbox 350 1971 423 2053; x_wconf 71' lang='grc' dir='ltr'><strong><em>ῥάκι’</em></strong></span> <span class='ocrx_word' id='word_1_65' title='bbox 442 1968 480 2037; x_wconf 80' lang='grc' dir='ltr'><strong>Ιἐκ</strong></span> <span class='ocrx_word' id='word_1_66' title='bbox 502 1971 668 2052; x_wconf 57' lang='lat' dir='ltr'><strong>paratim</strong></span> <span class='ocrx_word' id='word_1_67' title='bbox 691 1970 857 2056; x_wconf 91' lang='lat' dir='ltr'><strong>acceperit,</strong></span> <span class='ocrx_word' id='word_1_68' title='bbox 883 1971 944 2034; x_wconf 89' lang='lat' dir='ltr'><strong>iam</strong></span> <span class='ocrx_word' id='word_1_69' title='bbox 969 1968 1105 2033; x_wconf 87' lang='lat' dir='ltr'><strong>vidimus</strong></span> <span class='ocrx_word' id='word_1_70' title='bbox 1127 1990 1171 2032; x_wconf 86' lang='lat' dir='ltr'><strong>vs.</strong></span> <span class='ocrx_word' id='word_1_71' title='bbox 1197 1971 1273 2046; x_wconf 84' lang='grc'><strong>435,</strong></span> <span class='ocrx_word' id='word_1_72' title='bbox 1296 1972 1371 2049; x_wconf 85' lang='grc'><strong>440,</strong></span> <span class='ocrx_word' id='word_1_73' title='bbox 1396 1972 1472 2034; x_wconf 89' lang='grc'><strong>450.</strong></span> 
     </span>
    </p>
   </div>
   <div class='ocr_carea' id='block_1_6' title="bbox 352 2085 1481 3540">
    <p class='ocr_par' dir='ltr' id='par_1_9' title="bbox 353 2085 1253 2280">
     <span class='ocr_line' id='line_1_12' title="bbox 353 2085 1253 2167; baseline -0.007 -15"><span class='ocrx_word' id='word_1_74' title='bbox 353 2085 498 2152; x_wconf 80' lang='lat' dir='ltr'><strong>Addendi</strong></span> <span class='ocrx_word' id='word_1_75' title='bbox 521 2092 596 2150; x_wconf 89' lang='lat' dir='ltr'><strong>suut</strong></span> <span class='ocrx_word' id='word_1_76' title='bbox 619 2108 676 2151; x_wconf 78' lang='lat' dir='ltr'><strong>uss.</strong></span> <span class='ocrx_word' id='word_1_77' title='bbox 701 2088 776 2165; x_wconf 88' lang='grc'><strong>446,</strong></span> <span class='ocrx_word' id='word_1_78' title='bbox 802 2087 878 2165; x_wconf 88' lang='grc'><strong>455,</strong></span> <span class='ocrx_word' id='word_1_79' title='bbox 899 2086 975 2162; x_wconf 92' lang='grc'><strong>471,</strong></span> <span class='ocrx_word' id='word_1_80' title='bbox 999 2085 1075 2163; x_wconf 87' lang='grc'><strong>478,</strong></span> <span class='ocrx_word' id='word_1_81' title='bbox 1100 2085 1163 2147; x_wconf 84' lang='grc'><strong>480</strong></span> <span class='ocrx_word' id='word_1_82' title='bbox 1188 2106 1253 2167; x_wconf 91' lang='lat' dir='ltr'><strong>sqq.</strong></span> 
     </span>
     <span class='ocr_line' id='line_1_13' title="bbox 508 2197 1240 2280; baseline -0.007 -16"><span class='ocrx_word' id='word_1_83' title='bbox 508 2204 583 2264; x_wconf 90' lang='grc'><strong>446.</strong></span> <span class='ocrx_word' id='word_1_84' title='bbox 607 2200 813 2277; x_wconf 65' lang='grc' dir='ltr'><strong>εὐδαιμονοίης·</strong></span> <span class='ocrx_word' id='word_1_85' title='bbox 838 2198 972 2278; x_wconf 72' lang='grc' dir='ltr'><em>Τηλέφῳ</em></span> <span class='ocrx_word' id='word_1_86' title='bbox 996 2198 1022 2280; x_wconf 21' lang='grc' dir='ltr'><strong>δ”</strong></span> <span class='ocrx_word' id='word_1_87' title='bbox 1049 2197 1115 2275; x_wconf 68' lang='lat' dir='ltr'><strong>aya</strong></span> <span class='ocrx_word' id='word_1_88' title='bbox 1138 2202 1240 2277; x_wconf 79' lang='grc' dir='ltr'><strong>Φρονῶ.</strong></span> 
     </span>
    </p>

    <p class='ocr_par' dir='ltr' id='par_1_10' title="bbox 352 2310 1479 3095">
     <span class='ocr_line' id='line_1_14' title="bbox 397 2310 1474 2403; baseline -0.002 -25"><span class='ocrx_word' id='word_1_89' title='bbox 397 2313 447 2378; x_wconf 83' lang='lat' dir='ltr'><strong>Tr.</strong></span> <span class='ocrx_word' id='word_1_90' title='bbox 483 2316 555 2377; x_wconf 75' lang='lat'><strong>702.</strong></span> <span class='ocrx_word' id='word_1_91' title='bbox 587 2312 632 2377; x_wconf 83' lang='lat' dir='ltr'><strong>Os.</strong></span> <span class='ocrx_word' id='word_1_92' title='bbox 663 2311 755 2377; x_wconf 87' lang='lat' dir='ltr'><strong>verba</strong></span> <span class='ocrx_word' id='word_1_93' title='bbox 787 2312 938 2403; x_wconf 82' lang='lat' dir='ltr'><strong>Arcesilai</strong></span> <span class='ocrx_word' id='word_1_94' title='bbox 968 2335 986 2375; x_wconf 88' lang='lat' dir='ltr'><strong>a</strong></span> <span class='ocrx_word' id='word_1_95' title='bbox 1014 2310 1159 2376; x_wconf 82' lang='lat' dir='ltr'><strong>Nauclsio</strong></span> <span class='ocrx_word' id='word_1_96' title='bbox 1182 2311 1288 2375; x_wconf 90' lang='lat' dir='ltr'><strong>citata.</strong></span> <span class='ocrx_word' id='word_1_97' title='bbox 1314 2311 1474 2392; x_wconf 80' lang='lat' dir='ltr'><strong>Quaenam</strong></span> 
     </span>
     <span class='ocr_line' id='line_1_15' title="bbox 352 2425 1476 2511; baseline -0.001 -19"><span class='ocrx_word' id='word_1_98' title='bbox 352 2451 460 2492; x_wconf 88' lang='lat' dir='ltr'><strong>versus</strong></span> <span class='ocrx_word' id='word_1_99' title='bbox 489 2427 578 2492; x_wconf 90' lang='lat' dir='ltr'><strong>allati</strong></span> <span class='ocrx_word' id='word_1_100' title='bbox 605 2428 638 2491; x_wconf 90' lang='lat' dir='ltr'><strong>in</strong></span> <span class='ocrx_word' id='word_1_101' title='bbox 670 2426 830 2511; x_wconf 79' lang='lat' dir='ltr'><strong>tragoedia</strong></span> <span class='ocrx_word' id='word_1_102' title='bbox 861 2426 1017 2491; x_wconf 86' lang='lat' dir='ltr'><strong>sententia</strong></span> <span class='ocrx_word' id='word_1_103' title='bbox 1047 2425 1144 2489; x_wconf 87' lang='lat' dir='ltr'><strong>luerit</strong></span> <span class='ocrx_word' id='word_1_104' title='bbox 1173 2448 1233 2489; x_wconf 93' lang='lat' dir='ltr'><strong>non</strong></span> <span class='ocrx_word' id='word_1_105' title='bbox 1258 2427 1332 2490; x_wconf 86' lang='lat' dir='ltr'><strong>satis</strong></span> <span class='ocrx_word' id='word_1_106' title='bbox 1356 2433 1476 2491; x_wconf 89' lang='lat' dir='ltr'><strong>certum</strong></span> 
     </span>
     <span class='ocr_line' id='line_1_16' title="bbox 354 2539 1477 2624; baseline -0.002 -18"><span class='ocrx_word' id='word_1_107' title='bbox 354 2547 411 2606; x_wconf 87' lang='lat' dir='ltr'><strong>est.</strong></span> <span class='ocrx_word' id='word_1_108' title='bbox 442 2540 599 2605; x_wconf 83' lang='lat' dir='ltr'><strong>Videntur</strong></span> <span class='ocrx_word' id='word_1_109' title='bbox 629 2563 690 2605; x_wconf 90' lang='lat' dir='ltr'><strong>non</strong></span> <span class='ocrx_word' id='word_1_110' title='bbox 722 2539 761 2604; x_wconf 90' lang='lat' dir='ltr'><strong>ab</strong></span> <span class='ocrx_word' id='word_1_111' title='bbox 785 2563 850 2606; x_wconf 92' lang='lat' dir='ltr'><strong>nno</strong></span> <span class='ocrx_word' id='word_1_112' title='bbox 872 2540 1008 2605; x_wconf 84' lang='lat' dir='ltr'><strong>alterove</strong></span> <span class='ocrx_word' id='word_1_113' title='bbox 1033 2539 1222 2603; x_wconf 88' lang='lat' dir='ltr'><strong>Graecorum</strong></span> <span class='ocrx_word' id='word_1_114' title='bbox 1245 2540 1381 2624; x_wconf 84' lang='lat' dir='ltr'><strong>prolecta</strong></span> <span class='ocrx_word' id='word_1_115' title='bbox 1403 2563 1477 2622; x_wconf 88' lang='lat' dir='ltr'><strong>esse,</strong></span> 
     </span>
     <span class='ocr_line' id='line_1_17' title="bbox 354 2651 1476 2740; baseline 0 -21"><span class='ocrx_word' id='word_1_116' title='bbox 354 2655 410 2740; x_wconf 90' lang='lat' dir='ltr'><strong>qui</strong></span> <span class='ocrx_word' id='word_1_117' title='bbox 440 2678 497 2721; x_wconf 90' lang='lat' dir='ltr'><strong>cur</strong></span> <span class='ocrx_word' id='word_1_118' title='bbox 526 2651 713 2720; x_wconf 75' lang='lat' dir='ltr'><strong>tam&#39;tectis</strong></span> <span class='ocrx_word' id='word_1_119' title='bbox 742 2653 843 2719; x_wconf 88' lang='lat' dir='ltr'><strong>verbis</strong></span> <span class='ocrx_word' id='word_1_120' title='bbox 875 2662 1019 2718; x_wconf 90' lang='lat' dir='ltr'><strong>uteretur</strong></span> <span class='ocrx_word' id='word_1_121' title='bbox 1049 2676 1112 2718; x_wconf 93' lang='lat' dir='ltr'><strong>non</strong></span> <span class='ocrx_word' id='word_1_122' title='bbox 1145 2661 1212 2718; x_wconf 89' lang='lat' dir='ltr'><strong>erat</strong></span> <span class='ocrx_word' id='word_1_123' title='bbox 1234 2676 1336 2734; x_wconf 90' lang='lat' dir='ltr'><strong>causa,</strong></span> <span class='ocrx_word' id='word_1_124' title='bbox 1359 2654 1413 2719; x_wconf 86' lang='lat' dir='ltr'><strong>sed</strong></span> <span class='ocrx_word' id='word_1_125' title='bbox 1437 2653 1476 2719; x_wconf 90' lang='lat' dir='ltr'><strong>ab</strong></span> 
     </span>
     <span class='ocr_line' id='line_1_18' title="bbox 353 2767 1479 2873; baseline -0.001 -39"><span class='ocrx_word' id='word_1_126' title='bbox 353 2772 423 2873; x_wconf 87' lang='lat' dir='ltr'><strong>ipso</strong></span> <span class='ocrx_word' id='word_1_127' title='bbox 454 2768 600 2854; x_wconf 88' lang='lat' dir='ltr'><strong>Telepho,</strong></span> <span class='ocrx_word' id='word_1_128' title='bbox 631 2769 688 2853; x_wconf 91' lang='lat' dir='ltr'><strong>qui</strong></span> <span class='ocrx_word' id='word_1_129' title='bbox 718 2791 789 2834; x_wconf 92' lang='lat' dir='ltr'><strong>cum</strong></span> <span class='ocrx_word' id='word_1_130' title='bbox 821 2767 956 2854; x_wconf 86' lang='lat' dir='ltr'><strong>suspicio</strong></span> <span class='ocrx_word' id='word_1_131' title='bbox 986 2775 1055 2833; x_wconf 88' lang='grc'><strong>5115</strong></span> <span class='ocrx_word' id='word_1_132' title='bbox 1078 2775 1169 2847; x_wconf 84' lang='grc'><strong>55551,</strong></span> <span class='ocrx_word' id='word_1_133' title='bbox 1193 2790 1300 2833; x_wconf 87' lang='lat' dir='ltr'><strong>cavere</strong></span> <span class='ocrx_word' id='word_1_134' title='bbox 1321 2767 1418 2832; x_wconf 86' lang='lat' dir='ltr'><strong>vellet</strong></span> <span class='ocrx_word' id='word_1_135' title='bbox 1439 2792 1479 2833; x_wconf 92' lang='lat' dir='ltr'><strong>ne</strong></span> 
     </span>
     <span class='ocr_line' id='line_1_19' title="bbox 354 2880 1478 2969; baseline -0.001 -22"><span class='ocrx_word' id='word_1_136' title='bbox 354 2889 638 2969; x_wconf 85' lang='lat' dir='ltr'><strong>agnosceretnret</strong></span> <span class='ocrx_word' id='word_1_137' title='bbox 671 2883 737 2968; x_wconf 85' lang='grc'><strong>1555</strong></span> <span class='ocrx_word' id='word_1_138' title='bbox 771 2881 809 2946; x_wconf 86' lang='grc'><strong>(15</strong></span> <span class='ocrx_word' id='word_1_139' title='bbox 844 2881 980 2966; x_wconf 87' lang='lat' dir='ltr'><strong>Telepho</strong></span> <span class='ocrx_word' id='word_1_140' title='bbox 1015 2880 1145 2965; x_wconf 88' lang='lat' dir='ltr'><strong>loquens</strong></span> <span class='ocrx_word' id='word_1_141' title='bbox 1175 2881 1306 2966; x_wconf 90' lang='lat' dir='ltr'><strong>ancipiti</strong></span> <span class='ocrx_word' id='word_1_142' title='bbox 1336 2889 1478 2947; x_wconf 89' lang='lat' dir='ltr'><strong>uteretur</strong></span> 
     </span>
     <span class='ocr_line' id='line_1_20' title="bbox 354 2997 1115 3095; baseline -0.003 -31"><span class='ocrx_word' id='word_1_143' title='bbox 354 3019 579 3082; x_wconf 84' lang='lat' dir='ltr'><strong>sermoneque</strong></span> <span class='ocrx_word' id='word_1_144' title='bbox 602 2997 740 3072; x_wconf 87' lang='lat' dir='ltr'><strong>malai</strong></span> <span class='ocrx_word' id='word_1_145' title='bbox 759 2997 923 3095; x_wconf 76' lang='lat' dir='ltr'><strong>imprecari</strong></span> <span class='ocrx_word' id='word_1_146' title='bbox 946 2997 1115 3062; x_wconf 88' lang='lat' dir='ltr'><strong>videretur</strong></span> 
     </span>
    </p>

    <p class='ocr_par' dir='ltr' id='par_1_11' title="bbox 357 3107 1481 3540">
     <span class='ocr_line' id='line_1_21' title="bbox 401 3107 1479 3198; baseline -0.002 -21"><span class='ocrx_word' id='word_1_147' title='bbox 401 3111 488 3194; x_wconf 82' lang='lat' dir='ltr'><strong>Quid</strong></span> <span class='ocrx_word' id='word_1_148' title='bbox 507 3119 613 3177; x_wconf 88' lang='lat' dir='ltr'><strong>autem</strong></span> <span class='ocrx_word' id='word_1_149' title='bbox 630 3110 751 3192; x_wconf 85' lang='lat' dir='ltr'><strong>volunt</strong></span> <span class='ocrx_word' id='word_1_150' title='bbox 782 3107 1001 3198; x_wconf 80' lang='lat' dir='ltr'><strong>ri&#39;stophanes?</strong></span> <span class='ocrx_word' id='word_1_151' title='bbox 1020 3109 1202 3187; x_wconf 76' lang='lat' dir='ltr'><strong>Muellerz,</strong></span> <span class='ocrx_word' id='word_1_152' title='bbox 1203 3109 1279 3186; x_wconf 93' lang='grc'><strong>,155</strong></span> <span class='ocrx_word' id='word_1_153' title='bbox 1295 3110 1362 3175; x_wconf 88' lang='grc'><strong>1555</strong></span> <span class='ocrx_word' id='word_1_154' title='bbox 1375 3110 1479 3194; x_wconf 85' lang='lat' dir='ltr'><strong>(verba</strong></span> 
     </span>
     <span class='ocr_line' id='line_1_22' title="bbox 357 3224 1481 3314; baseline -0.002 -22"><span class='ocrx_word' id='word_1_155' title='bbox 357 3226 465 3310; x_wconf 74' lang='lat' dir='ltr'><strong>dra)</strong></span> <span class='ocrx_word' id='word_1_156' title='bbox 447 3234 554 3314; x_wconf 88' lang='lat' dir='ltr'><strong>aperte</strong></span> <span class='ocrx_word' id='word_1_157' title='bbox 577 3225 741 3291; x_wconf 89' lang='lat' dir='ltr'><strong>intellectu</strong></span> <span class='ocrx_word' id='word_1_158' title='bbox 769 3233 919 3291; x_wconf 90' lang='lat' dir='ltr'><strong>carent.</strong></span> <span class='ocrx_word' id='word_1_159' title='bbox 935 3248 1089 3310; x_wconf 89' lang='lat' dir='ltr'><strong>..eaque</strong></span> <span class='ocrx_word' id='word_1_160' title='bbox 1112 3224 1260 3290; x_wconf 90' lang='lat' dir='ltr'><strong>additt</strong></span> <span class='ocrx_word' id='word_1_161' title='bbox 1222 3231 1260 3289; x_wconf 91' lang='lat' dir='ltr'><strong>nt</strong></span> <span class='ocrx_word' id='word_1_162' title='bbox 1280 3248 1370 3291; x_wconf 86' lang='lat' dir='ltr'><strong>versu</strong></span> <span class='ocrx_word' id='word_1_163' title='bbox 1390 3224 1481 3290; x_wconf 92' lang='lat' dir='ltr'><strong>Euri-</strong></span> 
     </span>
     <span class='ocr_line' id='line_1_23' title="bbox 357 3337 1480 3427; baseline -0.002 -23"><span class='ocrx_word' id='word_1_164' title='bbox 357 3340 448 3427; x_wconf 88' lang='lat' dir='ltr'><strong>piden</strong></span> <span class='ocrx_word' id='word_1_165' title='bbox 479 3345 599 3417; x_wconf 89' lang='lat' dir='ltr'><strong>utatur,</strong></span> <span class='ocrx_word' id='word_1_166' title='bbox 629 3362 693 3404; x_wconf 91' lang='lat' dir='ltr'><strong>nou</strong></span> <span class='ocrx_word' id='word_1_167' title='bbox 724 3347 762 3403; x_wconf 88' lang='lat' dir='ltr'><strong>ut</strong></span> <span class='ocrx_word' id='word_1_168' title='bbox 792 3339 929 3423; x_wconf 87' lang='lat' dir='ltr'><strong>aliquam</strong></span> <span class='ocrx_word' id='word_1_169' title='bbox 954 3339 1153 3416; x_wconf 88' lang='lat' dir='ltr'><strong>sententiam,</strong></span> <span class='ocrx_word' id='word_1_170' title='bbox 1178 3338 1252 3402; x_wconf 90' lang='grc'><strong>1515</strong></span> <span class='ocrx_word' id='word_1_171' title='bbox 1275 3337 1342 3403; x_wconf 91' lang='lat' dir='ltr'><strong>loco</strong></span> <span class='ocrx_word' id='word_1_172' title='bbox 1365 3345 1480 3424; x_wconf 87' lang='lat' dir='ltr'><strong>aptam,</strong></span> 
     </span>
     <span class='ocr_line' id='line_1_24' title="bbox 357 3432 1481 3540; baseline 0 -22"><span class='ocrx_word' id='word_1_173' title='bbox 357 3453 519 3540; x_wconf 87' lang='lat' dir='ltr'><strong>exprimat.</strong></span> <span class='ocrx_word' id='word_1_174' title='bbox 551 3432 730 3519; x_wconf 83' lang='lat' dir='ltr'><strong>Firmantnr</strong></span> <span class='ocrx_word' id='word_1_175' title='bbox 761 3478 797 3519; x_wconf 88' lang='lat' dir='ltr'><strong>ea</strong></span> <span class='ocrx_word' id='word_1_176' title='bbox 827 3476 908 3539; x_wconf 86' lang='lat' dir='ltr'><strong>qnae</strong></span> <span class='ocrx_word' id='word_1_177' title='bbox 939 3453 1058 3540; x_wconf 91' lang='lat' dir='ltr'><strong>protuli</strong></span> <span class='ocrx_word' id='word_1_178' title='bbox 1081 3476 1172 3519; x_wconf 81' lang='lat' dir='ltr'><strong>versu</strong></span> <span class='ocrx_word' id='word_1_179' title='bbox 1195 3453 1368 3537; x_wconf 87' lang='lat' dir='ltr'><strong>sequenti.&#39;’</strong></span> <span class='ocrx_word' id='word_1_180' title='bbox 1392 3453 1481 3535; x_wconf 81' lang='lat' dir='ltr'><strong>Quae</strong></span> 
     </span>
    </p>
   </div>
   <div class='ocr_carea' id='block_1_7' title="bbox 258 3567 1484 3660">
    <p class='ocr_par' dir='ltr' id='par_1_12' title="bbox 258 3567 1484 3660">
     <span class='ocr_line' id='line_1_25' title="bbox 258 3567 1484 3660; baseline 0.002 -29"><span class='ocrx_word' id='word_1_181' title='bbox 258 3652 262 3660; x_wconf 27' lang='grc' dir='ltr'>Ι</span> <span class='ocrx_word' id='word_1_182' title='bbox 359 3567 576 3654; x_wconf 87' lang='lat' dir='ltr'><strong>interpretatio</strong></span> <span class='ocrx_word' id='word_1_183' title='bbox 594 3575 663 3631; x_wconf 92' lang='lat' dir='ltr'><strong>tum</strong></span> <span class='ocrx_word' id='word_1_184' title='bbox 683 3567 809 3633; x_wconf 89' lang='lat' dir='ltr'><strong>demum</strong></span> <span class='ocrx_word' id='word_1_185' title='bbox 827 3568 954 3633; x_wconf 82' lang='lat' dir='ltr'><strong>ferenda</strong></span> <span class='ocrx_word' id='word_1_186' title='bbox 973 3569 1042 3645; x_wconf 90' lang='lat' dir='ltr'><strong>erit,</strong></span> <span class='ocrx_word' id='word_1_187' title='bbox 1063 3590 1134 3632; x_wconf 91' lang='lat' dir='ltr'><strong>cnm</strong></span> <span class='ocrx_word' id='word_1_188' title='bbox 1154 3567 1233 3633; x_wconf 88' lang='lat' dir='ltr'><strong>aliae</strong></span> <span class='ocrx_word' id='word_1_189' title='bbox 1255 3569 1484 3634; x_wconf 87' lang='lat' dir='ltr'><strong>omnesfrustra</strong></span> 
     </span>
    </p>
   </div>
   <div class='ocr_carea' id='block_1_8' title="bbox 314 3679 1585 4564">
    <p class='ocr_par' dir='ltr' id='par_1_13' title="bbox 358 3679 1502 4226">
     <span class='ocr_line' id='line_1_26' title="bbox 358 3679 1483 3768; baseline 0 -22"><span class='ocrx_word' id='word_1_190' title='bbox 358 3688 498 3746; x_wconf 84' lang='lat' dir='ltr'><strong>tentatae</strong></span> <span class='ocrx_word' id='word_1_191' title='bbox 518 3680 646 3746; x_wconf 88' lang='grc'><strong>1551151.</strong></span> <span class='ocrx_word' id='word_1_192' title='bbox 665 3681 711 3745; x_wconf 88' lang='lat' dir='ltr'><strong>Ut</strong></span> <span class='ocrx_word' id='word_1_193' title='bbox 729 3681 951 3767; x_wconf 83' lang='lat' dir='ltr'><strong>Aristophanis</strong></span> <span class='ocrx_word' id='word_1_194' title='bbox 970 3679 1064 3745; x_wconf 82' lang='lat' dir='ltr'><strong>verba</strong></span> <span class='ocrx_word' id='word_1_195' title='bbox 1074 3682 1270 3759; x_wconf 91' lang='lat' dir='ltr'><strong>„intellectu</strong></span> <span class='ocrx_word' id='word_1_196' title='bbox 1282 3681 1403 3746; x_wconf 85' lang='lat' dir='ltr'><strong>carere&#39;’</strong></span> <span class='ocrx_word' id='word_1_197' title='bbox 1414 3705 1483 3768; x_wconf 92' lang='lat' dir='ltr'><strong>pro·</strong></span> 
     </span>
     <span class='ocr_line' id='line_1_27' title="bbox 359 3793 1482 3881; baseline -0.001 -22"><span class='ocrx_word' id='word_1_198' title='bbox 359 3794 413 3859; x_wconf 88' lang='lat' dir='ltr'><strong>het</strong></span> <span class='ocrx_word' id='word_1_199' title='bbox 431 3794 569 3860; x_wconf 86' lang='lat' dir='ltr'><strong>Mueller</strong></span> <span class='ocrx_word' id='word_1_200' title='bbox 589 3795 663 3860; x_wconf 90' lang='lat' dir='ltr'><strong>haec</strong></span> <span class='ocrx_word' id='word_1_201' title='bbox 682 3794 789 3860; x_wconf 88' lang='lat' dir='ltr'><strong>addit:</strong></span> <span class='ocrx_word' id='word_1_202' title='bbox 802 3845 822 3874; x_wconf 89' lang='grc'><strong>,,</strong></span> <span class='ocrx_word' id='word_1_203' title='bbox 833 3795 865 3859; x_wconf 84' lang='lat' dir='ltr'><strong>si</strong></span> <span class='ocrx_word' id='word_1_204' title='bbox 878 3796 1077 3879; x_wconf 89' lang='lat' dir='ltr'><strong>accipiuntur</strong></span> <span class='ocrx_word' id='word_1_205' title='bbox 1090 3817 1145 3880; x_wconf 91' lang='lat' dir='ltr'><strong>pro</strong></span> <span class='ocrx_word' id='word_1_206' title='bbox 1157 3844 1177 3873; x_wconf 98' lang='lat'><strong>„</strong></span> <span class='ocrx_word' id='word_1_207' title='bbox 1187 3793 1343 3881; x_wconf 83' lang='lat' dir='ltr'><strong>Telephus</strong></span> <span class='ocrx_word' id='word_1_208' title='bbox 1355 3796 1420 3880; x_wconf 89' lang='lat' dir='ltr'><strong>ipse</strong></span> <span class='ocrx_word' id='word_1_209' title='bbox 1432 3817 1482 3881; x_wconf 80' lang='grc'><strong>55</strong></span> 
     </span>
     <span class='ocr_line' id='line_1_28' title="bbox 359 3908 1482 3994; baseline 0 -21"><span class='ocrx_word' id='word_1_210' title='bbox 359 3908 457 3987; x_wconf 85' lang='grc'><strong>1551,”</strong></span> <span class='ocrx_word' id='word_1_211' title='bbox 487 3910 592 3994; x_wconf 88' lang='grc'><strong>155515</strong></span> <span class='ocrx_word' id='word_1_212' title='bbox 622 3917 669 3973; x_wconf 88' lang='lat' dir='ltr'><strong>est</strong></span> <span class='ocrx_word' id='word_1_213' title='bbox 699 3911 866 3988; x_wconf 88' lang='lat' dir='ltr'><strong>sententia,</strong></span> <span class='ocrx_word' id='word_1_214' title='bbox 898 3931 996 3993; x_wconf 90' lang='lat' dir='ltr'><strong>quum</strong></span> <span class='ocrx_word' id='word_1_215' title='bbox 1022 3908 1092 3973; x_wconf 85' lang='lat' dir='ltr'><strong>Dic.</strong></span> <span class='ocrx_word' id='word_1_216' title='bbox 1116 3909 1182 3994; x_wconf 88' lang='lat' dir='ltr'><strong>ipse</strong></span> <span class='ocrx_word' id='word_1_217' title='bbox 1205 3908 1375 3994; x_wconf 90' lang='lat' dir='ltr'><strong>Telephum</strong></span> <span class='ocrx_word' id='word_1_218' title='bbox 1400 3917 1482 3994; x_wconf 81' lang='lat' dir='ltr'><strong>agat.</strong></span> 
     </span>
     <span class='ocr_line' id='line_1_29' title="bbox 361 4020 1502 4109; baseline -0.002 -21"><span class='ocrx_word' id='word_1_219' title='bbox 361 4024 393 4088; x_wconf 86' lang='lat' dir='ltr'><strong>si</strong></span> <span class='ocrx_word' id='word_1_220' title='bbox 424 4022 636 4108; x_wconf 87' lang='lat' dir='ltr'><strong>explicantur:</strong></span> <span class='ocrx_word' id='word_1_221' title='bbox 668 4022 765 4101; x_wconf 90' lang='lat' dir='ltr'><strong>„Tua</strong></span> <span class='ocrx_word' id='word_1_222' title='bbox 795 4022 911 4103; x_wconf 84' lang='lat' dir='ltr'><strong>fabula,</strong></span> <span class='ocrx_word' id='word_1_223' title='bbox 936 4045 1017 4108; x_wconf 91' lang='lat' dir='ltr'><strong>qnae</strong></span> <span class='ocrx_word' id='word_1_224' title='bbox 1041 4021 1196 4108; x_wconf 89' lang='lat' dir='ltr'><strong>Telephus</strong></span> <span class='ocrx_word' id='word_1_225' title='bbox 1219 4020 1408 4101; x_wconf 83' lang='lat' dir='ltr'><strong>inscribitur,</strong></span> <span class='ocrx_word' id='word_1_226' title='bbox 1434 4046 1502 4109; x_wconf 78' lang='grc'><strong>55·</strong></span> 
     </span>
     <span class='ocr_line' id='line_1_30' title="bbox 359 4134 1482 4226; baseline -0.002 -25"><span class='ocrx_word' id='word_1_227' title='bbox 359 4136 457 4217; x_wconf 80' lang='grc'><strong>1551”,</strong></span> <span class='ocrx_word' id='word_1_228' title='bbox 491 4134 541 4199; x_wconf 85' lang='lat' dir='ltr'><strong>vel</strong></span> <span class='ocrx_word' id='word_1_229' title='bbox 576 4136 672 4220; x_wconf 88' lang='lat' dir='ltr'><strong>„ejus</strong></span> <span class='ocrx_word' id='word_1_230' title='bbox 703 4159 752 4200; x_wconf 93' lang='lat' dir='ltr'><strong>me</strong></span> <span class='ocrx_word' id='word_1_231' title='bbox 782 4135 917 4215; x_wconf 85' lang='lat' dir='ltr'><strong>taedet’&#39;,</strong></span> <span class='ocrx_word' id='word_1_232' title='bbox 938 4135 1136 4226; x_wconf 28' lang='lat' dir='ltr'><strong>,stultissime</strong></span> <span class='ocrx_word' id='word_1_233' title='bbox 1168 4134 1244 4199; x_wconf 91' lang='lat' dir='ltr'><strong>haec</strong></span> <span class='ocrx_word' id='word_1_234' title='bbox 1274 4135 1358 4199; x_wconf 87' lang='lat' dir='ltr'><strong>dicta</strong></span> <span class='ocrx_word' id='word_1_235' title='bbox 1387 4143 1482 4200; x_wconf 88' lang='lat' dir='ltr'><strong>sunt:</strong></span> 
     </span>
    </p>

    <p class='ocr_par' dir='ltr' id='par_1_14' title="bbox 314 4247 1585 4564">
     <span class='ocr_line' id='line_1_31' title="bbox 360 4247 1585 4335; baseline -0.001 -22"><span class='ocrx_word' id='word_1_236' title='bbox 360 4247 515 4314; x_wconf 83' lang='lat' dir='ltr'><strong>offendere</strong></span> <span class='ocrx_word' id='word_1_237' title='bbox 537 4249 620 4313; x_wconf 90' lang='lat' dir='ltr'><strong>euim</strong></span> <span class='ocrx_word' id='word_1_238' title='bbox 643 4247 826 4335; x_wconf 81' lang='lat' dir='ltr'><strong>Euripidem</strong></span> <span class='ocrx_word' id='word_1_239' title='bbox 849 4256 921 4313; x_wconf 92' lang='lat' dir='ltr'><strong>tum</strong></span> <span class='ocrx_word' id='word_1_240' title='bbox 939 4250 1066 4314; x_wconf 90' lang='lat' dir='ltr'><strong>demum</strong></span> <span class='ocrx_word' id='word_1_241' title='bbox 1086 4248 1198 4333; x_wconf 91' lang='lat' dir='ltr'><strong>incipit</strong></span> <span class='ocrx_word' id='word_1_242' title='bbox 1218 4247 1298 4326; x_wconf 77' lang='lat' dir='ltr'><strong>Dic,</strong></span> <span class='ocrx_word' id='word_1_243' title='bbox 1317 4255 1483 4332; x_wconf 90' lang='lat' dir='ltr'><strong>postquam</strong></span> <span class='ocrx_word' id='word_1_244' title='bbox 1581 4292 1585 4300; x_wconf 89' lang='lat'><em>-</em></span> 
     </span>
     <span class='ocr_line' id='line_1_32' title="bbox 314 4347 1484 4449; baseline -0.001 -22"><span class='ocrx_word' id='word_1_245' title='bbox 314 4347 316 4351; x_wconf 41' lang='grc'>’</span> <span class='ocrx_word' id='word_1_246' title='bbox 361 4362 466 4427; x_wconf 90' lang='lat' dir='ltr'><strong>omnia</strong></span> <span class='ocrx_word' id='word_1_247' title='bbox 487 4362 619 4448; x_wconf 86' lang='lat' dir='ltr'><strong>accepit,</strong></span> <span class='ocrx_word' id='word_1_248' title='bbox 643 4384 723 4447; x_wconf 89' lang='lat' dir='ltr'><strong>qnae</strong></span> <span class='ocrx_word' id='word_1_249' title='bbox 745 4362 917 4449; x_wconf 86' lang='lat' dir='ltr'><strong>poposcit.&#39;&#39;</strong></span> <span class='ocrx_word' id='word_1_250' title='bbox 941 4361 1031 4443; x_wconf 81' lang='lat' dir='ltr'><strong>Quae</strong></span> <span class='ocrx_word' id='word_1_251' title='bbox 1053 4384 1127 4428; x_wconf 79' lang='lat' dir='ltr'><strong>vera</strong></span> <span class='ocrx_word' id='word_1_252' title='bbox 1148 4368 1261 4442; x_wconf 88' lang='lat' dir='ltr'><strong>essent,</strong></span> <span class='ocrx_word' id='word_1_253' title='bbox 1285 4361 1312 4426; x_wconf 91' lang='lat' dir='ltr'><strong>si</strong></span> <span class='ocrx_word' id='word_1_254' title='bbox 1329 4361 1393 4426; x_wconf 89' lang='lat' dir='ltr'><strong>alta</strong></span> <span class='ocrx_word' id='word_1_255' title='bbox 1410 4384 1484 4427; x_wconf 82' lang='lat' dir='ltr'><strong>voce</strong></span> 
     </span>
     <span class='ocr_line' id='line_1_33' title="bbox 362 4475 1483 4564; baseline -0.002 -22"><span class='ocrx_word' id='word_1_256' title='bbox 362 4475 432 4542; x_wconf 88' lang='lat' dir='ltr'><strong>Dic.</strong></span> <span class='ocrx_word' id='word_1_257' title='bbox 462 4475 540 4542; x_wconf 88' lang='lat' dir='ltr'><strong>haec</strong></span> <span class='ocrx_word' id='word_1_258' title='bbox 562 4475 689 4557; x_wconf 80' lang='lat' dir='ltr'><strong>dixisset</strong></span> <span class='ocrx_word' id='word_1_259' title='bbox 709 4477 866 4564; x_wconf 89' lang='lat' dir='ltr'><strong>Euripidi,</strong></span> <span class='ocrx_word' id='word_1_260' title='bbox 889 4500 950 4543; x_wconf 91' lang='lat' dir='ltr'><strong>non</strong></span> <span class='ocrx_word' id='word_1_261' title='bbox 975 4500 1048 4542; x_wconf 81' lang='grc'><strong>1515</strong></span> <span class='ocrx_word' id='word_1_262' title='bbox 1070 4477 1098 4542; x_wconf 89' lang='lat' dir='ltr'><strong>si</strong></span> <span class='ocrx_word' id='word_1_263' title='bbox 1120 4476 1247 4542; x_wconf 88' lang='lat' dir='ltr'><strong>remissa</strong></span> <span class='ocrx_word' id='word_1_264' title='bbox 1270 4498 1343 4542; x_wconf 84' lang='lat' dir='ltr'><strong>voce</strong></span> <span class='ocrx_word' id='word_1_265' title='bbox 1365 4481 1483 4561; x_wconf 90' lang='lat' dir='ltr'><strong>specta·</strong></span> 
     </span>
    </p>
   </div>
   <div class='ocr_carea' id='block_1_9' title="bbox 0 0 1819 5484">
    <p class='ocr_par' dir='ltr' id='par_1_15' title="bbox 0 0 1819 5484">
     <span class='ocr_line' id='line_1_34' title="bbox 0 0 1819 5484; baseline 0 0"><span class='ocrx_word' id='word_1_266' title='bbox 0 0 1819 5484; x_wconf 95' lang='lat' dir='ltr'><strong> </strong></span> 
     </span>
    </p>
   </div>
  </div>
 </body>
</html>
