3592 5484
837 685 964 730 vusmu.
1396 669 1434 733 57

337 855 465 921 sisimile
498 861 545 918 est
577 853 615 918 ab
639 855 706 941 ipso
730 855 890 941 Euripidis
913 853 1074 919 laudatore
1098 854 1173 919 haec
1196 855 1317 941 prolata
1340 878 1405 920 esse
1428 863 1461 920 et

337 968 495 1056 porodiam
527 967 685 1032 continere
715 991 861 1034 versuum
892 966 1142 1053 Euripideorum.
1169 971 1316 1034 Attamen
1340 969 1378 1033 de
1401 970 1461 1055 pis·

337 1082 425 1147 cibus
459 1083 554 1147 coctis
584 1081 633 1146 vel
664 1084 740 1148 assis
768 1083 906 1168 tragicus
936 1091 1018 1147 certo
1046 1104 1110 1146 uon
1133 1084 1207 1167 egit,
1231 1083 1295 1160 sed,
1319 1091 1357 1147 ut
1381 1083 1459 1147 mihi

336 1195 471 1276 videtur,
504 1196 686 1280 loquentem
718 1195 793 1260 lecit
816 1196 973 1260 hominem
1000 1204 1131 1260 mortem
1153 1197 1234 1260 vitre
1259 1218 1460 1261 aerumnosae

336 1310 560 1375 anteferentem
591 1319 623 1374 et
652 1317 721 1400 aut,
734 1309 841 1390 ἀγρίας
863 1308 965 1388 ἅλμης
989 1311 1100 1387 νάματι
1123 1333 1154 1374 se
1178 1309 1300 1375 tradere
1323 1317 1380 1375 aut
1402 1310 1461 1374 ful·

337 1424 430 1490 minis
452 1424 520 1505 πυρδ
545 1425 740 1506 παμφλέκτῳ
763 1448 796 1489 se
815 1427 942 1510 percuti·
958 1427 1144 1511 cupientem.
1167 1425 1317 1506 Similem,
1331 1428 1460 1490 fortasse

337 1541 471 1605 eundem
494 1547 590 1625 atque
614 1542 669 1605 Ar.
694 1540 797 1605 locum
820 1541 965 1605 imitatus
988 1549 1034 1605 est
1056 1541 1235 1606 Axionicus.

380 1654 543 1719 Eiusmodi
576 1654 735 1740 parodiam
770 1655 870 1741 poetis
904 1655 1046 1741 inprimis
1076 1655 1193 1719 mediae
1224 1663 1257 1719 et
1287 1677 1385 1719 norae
1413 1677 1461 1719 eo

337 1769 477 1834 moedias
500 1769 700 1834 vehementer
722 1771 876 1855 placuisse
898 1778 1027 1855 apparet
1039 1794 1055 1834 e
1067 1770 1231 1856 permultis
1243 1770 1319 1835 loeis
1332 1768 1386 1834 ubi
1399 1776 1460 1834 tra-

336 1883 413 1969 gicis
443 1881 544 1948 verbis
575 1889 710 1948 utuntur
740 1884 774 1948 in
803 1883 878 1948 cibis
908 1883 1126 1949 describendis.
1162 1882 1208 1947 Cf.
1233 1906 1313 1968 quae
1338 1884 1460 1969 scripsit

336 1999 530 2081 Antiphanes,
566 1996 664 2061 Mein.
702 1995 757 2060 HI
788 2021 818 2083 p.
851 2000 881 2076 3,
915 2001 966 2075 55,
999 1999 1079 2075 125,
1110 1998 1338 2062 Anaeoudridcs
1361 1994 1402 2061 ih.
1427 2020 1457 2083 p.

338 2113 419 2190 174;
444 2112 579 2176 Eubulus
602 2111 644 2175 ib.
669 2134 699 2196 p.
728 2113 802 2190 236,
829 2115 909 2190 2423
934 2113 1107 2176 Xenarcduc
1130 2110 1171 2175 ib.
1197 2134 1226 2197 p.
1253 2114 1317 2174 614
1326 2138 1335 2190 ,
1359 2112 1459 2174 Phile·

335 2248 398 2290 mou
431 2224 473 2289 ib.
505 2224 554 2289 IV
585 2249 614 2312 p.
648 2229 710 2304 26;
744 2227 888 2309 Epiuicuc
917 2226 958 2290 ib.
983 2249 1012 2312 p.
1035 2229 1119 2304 505,
1143 2227 1338 2290 Nautiorum
1360 2224 1403 2290 ib.
1427 2249 1457 2312 p.

338 2342 410 2404 575.
435 2338 536 2405 Paulo
559 2341 650 2405 aliter
671 2365 703 2405 se
725 2340 820 2405 habet
843 2341 970 2426 parodia
991 2342 1180 2406 Athenicouir
1203 2339 1243 2404 ib.
1270 2338 1319 2402 IV
1341 2363 1372 2426 p.
1396 2343 1456 2405 557
1514 2378 1539 2392 ’-

336 2475 402 2537 sqq.
438 2452 630 2518 Notissimus
665 2461 711 2518 est
743 2454 830 2519 locus
861 2454 1035 2540 Aeschylus
1066 2453 1168 2518 Prom.
1193 2456 1380 2530 sur-506,
1405 2452 1458 2518 ubi
1512 2440 1514 2443 ¹

335 2566 489 2651 gloriatur
513 2565 719 2631 Prometheus
742 2591 774 2658 se
798 2568 941 2632 homiues
965 2569 1109 2632 scientias
1132 2576 1275 2653 artesque
1299 2568 1458 2646 docuisse;

335 2682 426 2745 euius
448 2683 578 2766 vestigia
601 2682 730 2767 ingressi
753 2690 829 2747 sunt
852 2683 1018 2769 Euripides
1037 2685 1069 2746 iu
1090 2681 1255 2748 Palamede
1272 2684 1309 2748 fr.
1326 2686 1399 2763 582,
1418 2685 1458 2748 ef.

335 2794 371 2858 ir.
404 2795 507 2882 adesp.
539 2795 581 2859 N.
615 2798 677 2860 393
687 2824 696 2874 ;
730 2796 844 2861 Critias
874 2798 907 2861 in
938 2796 1076 2883 Sisypho,
1099 2795 1141 2860 N.
1166 2800 1202 2861 fr.
1227 2796 1305 2862 Criu.
1332 2800 1368 2875 13
1393 2797 1459 2861 Mo-

334 2907 450 2987 schion,
475 2908 518 2972 N.
544 2910 580 2974 fr.
607 2909 726 2975 Moseh.
755 2913 783 2974 7.
808 2909 928 2975 Similia
945 2918 1051 2975 autem
1071 2911 1221 2995 leguntur
1240 2913 1271 2974 in
1284 2911 1458 2995 fragmento

334 3023 538 3088 Atheuiconis
573 3024 594 3088 l.
626 3024 659 3103 l.‚
691 3027 746 3109 qui
778 3047 840 3089 non
872 3023 1057 3090 Prometheo
1080 3047 1181 3108 neque
1203 3026 1299 3090 alicui
1322 3026 1381 3090 deo
1403 3026 1457 3091 sed

335 3138 442 3222 coquis
463 3139 568 3203 omnia
592 3137 707 3223 quibus
730 3139 881 3204 fruuntur
905 3139 1043 3204 homines
1066 3139 1146 3204 bona
1169 3139 1300 3204 tribuit:

535 3254 585 3317 οὐκ
608 3248 675 3317 οἶσθ’
699 3251 741 3317 ἔτι
763 3252 881 3318 πάντων
905 3254 922 3327 ἦ
947 3253 1100 3334 μαγειρικὴ
1124 3253 1216 3334 πὲχνη

534 3368 601 3447 πρὸς
625 3367 775 3444 εὐσέβειαν
798 3375 930 3431 πλεῖστα
952 3369 1154 3448 προσενήνεχθ’
1179 3367 1268 3442 ἕλος,

334 3487 367 3544 et
389 3481 502 3547 deinde

556 3600 606 3659 τοῦ
630 3595 777 3675 θηριώδους
801 3596 853 3660 καὶ
878 3598 1082 3677 παρασπόνδου
1109 3596 1173 3674 βίου

555 3709 637 3784 ἡμᾶς
661 3707 720 3788 γὰρ
743 3709 924 3773 ἀπολύσασα
947 3708 998 3773 καὶ
1021 3718 1074 3783 σῆς
1098 3710 1254 3792 δυσχεροῦς

554 3821 799 3901 ἀλληλοφαγίας,
824 3821 920 3899 ἤγαγ’
943 3823 981 3894 εἰς
1005 3820 1088 3897 rolin
1111 3823 1185 3894 cruci,
1209 3825 1269 3887 κπὲ.

333 4043 386 4111 Va.
412 4037 492 4110 338.
774 4050 824 4110 σοῦ
847 4045 873 4110 δ’
902 4043 1015 4128 ἔφεξιν,

377 4158 479 4224 Schol.
508 4152 593 4239 Ιπαροδ
622 4159 653 4223 δὲ
685 4167 746 4231 τοῖς
769 4166 919 4239 πραγνκοῖς
941 4157 1042 4240 ἔφεξνς
1065 4160 1081 4234 ἢ
1106 4160 1262 4241 πρόφασις.
1289 4160 1328 4225 In
1352 4183 1458 4246 super·

332 4273 460 4339 stitibus
493 4272 676 4358 tragoediis
696 4295 759 4338 non
794 4274 930 4338 occurrit
965 4275 1016 4338 sed
1049 4275 1183 4359 Hesych.
1216 4270 1327 4354 ἔφεξιν·
1357 4275 1455 4355 χοίρου,

331 4387 423 4461 ἕνεκα,
447 4389 581 4459 κώλυσιν,
606 4386 623 4460 ἢ
647 4389 794 4468 πρόφασιν
819 4397 851 4452 et
874 4385 985 4467 ipsiu·
1008 4390 1103 4469 χοίρου,
1127 4387 1220 4459 ἕνεκα,
1243 4389 1366 4469 ἐποχὴν,
1388 4391 1456 4469 πρό-

331 4508 425 4583 Φασνν
449 4504 610 4584 Εὐριπίδης
633 4503 759 4584 Πειρίθῳ,
785 4499 882 4576 ἕπεξνς
898 4502 949 4588 (⁹)
