3592 5484
715 683 1066 730 ramuoruoarazosar.
1367 668 1430 730 109

331 855 440 920 aether
463 861 495 918 et
517 860 609 932 terra,
634 874 715 936 quae
737 851 827 916 initio
850 875 954 916 rerum
978 858 1097 917 secreta
1119 860 1202 932 sunt,
1223 875 1327 937 neque
1346 853 1454 918 aether

321 969 508 1052 4ὑγροβδλονς
531 967 681 1046 σταγόνας
705 968 832 1046 emittit,
856 975 902 1031 est
925 969 1007 1032 enim
1031 967 1151 1032 calidus
1172 976 1203 1033 et
1223 969 1332 1033 sieeus.
1353 968 1456 1049 Quam

331 1084 502 1172 Euripides
533 1083 652 1148 aetheri
681 1082 797 1148 tribuit
819 1085 864 1148 vis
887 1107 922 1147 ex
948 1086 1150 1168 Anaxagorae
1172 1086 1328 1148 sententia
1351 1087 1457 1170 potius

331 1199 411 1264 aeris
442 1197 603 1284 proprium
629 1203 685 1277 est,
710 1196 800 1261 docet
822 1197 914 1275 euim,
940 1204 977 1260 ut
999 1197 1130 1261 tradidit
1153 1196 1387 1282 Theophrastus
1413 1200 1454 1263 H.

332 1313 432 1401 plant.
456 1311 511 1376 III
536 1314 566 1390 2,
589 1309 628 1374 R.
652 1318 683 1375 et
706 1309 742 1374 P.
767 1312 785 1395 q
808 1311 860 1389 57,
883 1313 932 1375 τὸν
955 1310 1028 1392 ἀέρα
1049 1310 1168 1375 πάντων
1193 1310 1274 1391 ἔχειν
1297 1311 1457 1392 σπέρματι

332 1425 386 1493 soi
415 1431 517 1491 ταῦτα
546 1406 835 1506 σνγκνιτνιφὲρὸμεννι
864 1426 903 1504 τῷ
932 1422 1018 1489 ὕδατι
1046 1427 1152 1502 rasorio
1182 1424 1223 1489 rel
1253 1424 1347 1507 φυτά.
1378 1423 1457 1490 Cum

331 1563 396 1606 uon
426 1541 493 1626 ipsa
523 1541 724 1624 Anaxagorae
755 1536 847 1603 verba
878 1538 1022 1603 attulerit
1053 1537 1209 1625 Theophr.
1241 1561 1304 1603 nou
1336 1548 1458 1604 eertum

333 1661 381 1723 est
403 1678 443 1720 an
465 1677 571 1719 revera
593 1652 664 1734 stipa
687 1652 800 1718 dixerit
822 1652 875 1717 sed
897 1652 1004 1740 νιὶθὲρννΙ
1019 1675 1090 1717 eum
1115 1676 1178 1717 uon
1202 1653 1315 1718 dixisse
1338 1676 1355 1717 e
1375 1676 1459 1740 prae·

334 1769 519 1836 cedentibus
542 1775 674 1833 eonstat.
751 1802 758 1815 ν

378 1884 431 1950 Ad
459 1883 565 1949 locum
593 1882 777 1968 Thesmoph.
801 1880 996 1947 redeundum
1021 1889 1078 1946 est.
1102 1881 1216 1967 Neque
1239 1905 1276 1947 ex
1298 1881 1459 1968 Euripidis

332 1999 458 2088 placitis
487 2005 570 2063 reete
593 1997 740 2083 explicari
763 2002 867 2083 potest
890 2018 992 2080 neque
1016 1995 1120 2061 luceru
1144 1997 1235 2061 affert
1257 1998 1459 2082 Anaxagorae

334 2112 541 2201 philosophia.
564 2110 714 2196 Legimus
737 2134 795 2176 vss.
822 2114 862 2175 13
886 2118 918 2175 et
943 2114 984 2175 14
1007 2112 1199 2192 διακρίνεσθαι
1220 2117 1252 2175 et
1270 2110 1459 2193 hraxoptisso·

336 2231 391 2304 tar,
416 2250 497 2312 quae
520 2225 670 2290 solemnia
692 2224 749 2290 hae
771 2226 804 2289 iu
827 2248 860 2289 re
879 2224 1136 2310 philosophorum
1158 2233 1234 2289 suut
1254 2223 1347 2289 verba
1358 2247 1461 2309 neque

336 2343 370 2408 in
392 2339 548 2427 Euripide
571 2340 696 2417 desunt,
720 2339 757 2403 ir.
780 2342 843 2402 488
868 2347 900 2403 et
924 2340 1055 2417 seem,
1079 2339 1134 2403 sed
1156 2339 1314 2403 aetherem
1327 2339 1459 2420 δινχωρί·

335 2456 436 2538 ζεσθνιν
467 2477 571 2539 neque
594 2455 792 2539 Anaxagoras
815 2453 923 2518 docuit
944 2475 1045 2537 neque
1067 2452 1246 2538 Euripides,
1271 2454 1332 2517 nisi
1355 2454 1460 2533 διεχω-

334 2569 426 2654 ρνξετο
464 2569 566 2635 valeat
593 2566 792 2650 ἀπεχωρίζετο
821 2568 852 2653 (i.
884 2590 911 2631 e.
941 2568 1003 2632 airh
1033 2572 1090 2631 τῶν
1120 2565 1239 2632 πάντων
1271 2567 1342 2646 ὁμοῦ
1373 2567 1460 2632 ὄντων

335 2688 539 2771 Anaxagorae
569 2683 621 2749 vel
645 2684 705 2749 oiri
735 2692 788 2758 τῆς
818 2691 875 2763 γῆς
898 2682 1072 2768 Euripidis)
1096 2683 1191 2767 quod,
1217 2683 1358 2766 quamvis
1381 2681 1457 2748 Plu·

333 2801 461 2866 tarchus
495 2799 535 2864 de
563 2797 752 2885 Empedoole
774 2797 919 2878 scribens,
944 2796 982 2861 de
1006 2795 1092 2861 Plao.
1116 2795 1233 2860 Philos.
1258 2795 1304 2877 ΙΙ,
1332 2799 1373 2876 6.,
1397 2796 1457 2862 hoe

336 2915 429 2981 modo
460 2912 554 2979 verbo
577 2914 750 2992 δικκρνθῆννιν
772 2920 893 2991 utatur,
917 2911 967 2976 hie
989 2912 1095 2976 minus
1119 2919 1166 2976 est
1188 2911 1359 2997 probabile,
1385 2913 1460 2996 quia

336 3028 558 3115 Aristophanis
588 3028 738 3092 intererat
768 3027 850 3112 ipsas
880 3027 1054 3092 locutiones
1084 3025 1312 3112 philosophicas
1336 3027 1459 3091 referre.
1545 3077 1553 3100 .

335 3144 451 3229 Itaque
481 3140 648 3208 vertendus
678 3149 725 3206 est
753 3164 796 3206 vs.
831 3143 871 3204 14
902 3191 922 3220 ,‚
934 3143 1041 3205 Aether
1070 3141 1282 3222 orcmprimum
1306 3141 1464 3206 inseriae

334 3266 438 3343 partes
458 3255 692 3321 secernebatur.''

384 3370 535 3455 Sequenti
573 3390 662 3433 versu
693 3368 822 3432 offendit
851 3370 879 3433 ἔν
911 3368 990 3449 αὐτῷ
1016 3365 1194 3448 ξυνετέκνου,
1225 3368 1309 3452 quod
1341 3367 1464 3433 nullius

337 3507 489 3569 umquam
519 3482 697 3569 philosophi
725 3482 875 3568 placitum
905 3483 976 3547 fuit.
1002 3481 1145 3547 Eritsohe
1168 3483 1213 3546 sio
1236 3483 1463 3568 interpretatus

337 3605 386 3664 est
419 3596 615 3677 „Offendere
648 3606 780 3683 possunt
815 3597 906 3662 verba
935 3598 964 3661 ἐν
995 3597 1092 3678 atrii:
1126 3598 1267 3662 crederes
1291 3598 1375 3662 enim
1398 3600 1462 3663 ani·

337 3713 486 3792 „mantia
516 3713 548 3777 in
571 3720 655 3777 terra
677 3734 778 3796 neque
801 3736 874 3777 vero
897 3713 929 3776 in
953 3712 1080 3776 aethere
1103 3720 1195 3776 natos
1217 3736 1292 3778 esse.
1317 3710 1464 3778 Ceterum

337 3826 429 3907 „iam
454 3823 565 3889 Valek.
591 3824 691 3890 Diatr.
716 3849 742 3889 e.
768 3824 815 3890 VI
838 3826 948 3890 attulit
971 3825 1081 3911 Suppl.
1107 3828 1188 3890 532:
1213 3825 1272 3891 ὅθεν
1296 3828 1322 3892 δ’
1343 3826 1466 3893 ἕκαστον

339 3940 407 4018 υεἷς
429 3941 462 4005 τὸ
488 3939 564 4017 σῶμ’
588 3940 723 4020 ἄφίκετο,
745 3938 750 4029 Ι
770 3941 884 4005 ἐνταῦθ’
907 3941 1023 4014 ἀπῆλθε
1046 3941 1107 4004 κτὲ.

382 4052 641 4138 „Praetereaque
658 4061 860 4140 anapaestum
880 4055 1096 4118 notissimum:
1114 4062 1208 4136 χωρεῖ
1216 4055 1242 4119 δ’
1256 4054 1345 4119 ὀπίσω
1356 4056 1398 4119 τὰ
1409 4054 1464 4133 μὲν

340 4168 403 4247 „ix
425 4167 519 4246 γαίας
539 4165 544 4255 Ι
564 4166 653 4246 <udor
678 4169 707 4239 ἐς
731 4176 835 4246 yxiav,
855 4166 895 4232 rol
915 4168 941 4231 δ’
961 4169 1015 4230 ἀπ’
1027 4167 1143 4247 αἰθερίου
1164 4165 1169 4256 Ι
1190 4167 1365 4246 amarem
1376 4177 1464 4248 γονῆς

338 4281 410 4361 „rie
429 4279 553 4361 οὐράνιον
574 4276 580 4368 Ι
600 4276 892 4355 alleviabantur.
911 4280 959 4344 Ex
970 4280 1019 4344 his
1032 4288 1169 4367 apparet,
1183 4281 1460 4367 seeundumEuri·

339 4393 475 4481 „pidem
504 4394 634 4471 animos,
664 4415 743 4478 quae
766 4400 812 4458 est
834 4394 943 4459 melior
965 4395 1065 4459 nostri
1092 4418 1163 4482 pars
1186 4396 1222 4460 in·
1242 4395 1376 4477 aethere,
1401 4418 1462 4462 nou

338 4507 401 4587 „iu
423 4513 507 4572 tarra
528 4513 619 4573 natos
643 4507 740 4572 esse.'’
