3592 5484
840 681 958 727 aaran.
1373 666 1434 729 lat

332 855 452 936 πατρός.
486 852 534 917 De
558 850 674 936 quibus
699 858 782 915 recte
808 848 902 915 Geel:
925 899 945 931 ,‚
955 851 1079 914 acutius
1102 851 1180 916 lusit
1203 852 1341 917 comicus
1363 876 1457 937 qnam

331 967 509 1047 „nonnulli
540 973 777 1052 perspexerunt.
808 965 916 1045 Quum
948 966 1029 1029 enim
1059 966 1196 1051 primum
1221 990 1343 1031 versum
1368 969 1459 1033 Auti-

331 1104 460 1168 „gonae
494 1103 569 1145 suae
603 1080 768 1144 recitasset
803 1079 981 1166 Euripides,
1016 1081 1149 1166 arripuit
1180 1084 1234 1145 Ar.
1266 1083 1456 1148 occasionem

329 1196 484 1277 „ridendi
507 1195 565 1260 hos
588 1194 827 1259 Phoenissarum
854 1217 969 1272 versus,
990 1196 1174 1281 perstrinxit
1192 1196 1370 1282 ambiguam
1393 1220 1460 1261 sen-

331 1311 492 1391 „tentiam
517 1332 598 1394 quae
621 1309 756 1374 ridicula
778 1309 843 1386 fiet,
865 1309 891 1373 si
910 1309 1139 1394 interpreteris:
1159 1311 1347 1396 praedixisse
1365 1310 1461 1397 Apol·

330 1426 456 1504 „linem
481 1424 641 1510 Oedipum
665 1424 807 1488 nonduin
830 1431 940 1488 natum
964 1424 1060 1509 patris
1082 1425 1313 1490 interfectorem
1339 1426 1436 1490 fore.”

332 1711 387 1778 Vs·
413 1703 518 1773 1206.
556 1706 720 1787 Αἴγυπτος,
744 1710 781 1780 ὡς
804 1708 817 1772 ὃ
841 1716 980 1781 πλεῖστος
1004 1706 1148 1790 ἕτταρταο
1171 1711 1269 1788 λόγος,

555 1819 608 1898 ξὺυ
631 1820 718 1887 τουτὶ
742 1821 926 1896 πεντήκοντα
949 1822 1072 1904 ναυτίλῳ
1094 1823 1197 1905 τλατρ

555 1933 668 2018 ’Ἀργος
692 1935 867 2016 κατασχών.

376 2103 479 2168 Schol.
504 2101 675 2182 Ἀρχελάου
695 2097 771 2174 αὕτη
795 2098 876 2165 ἐστὶν
900 2100 916 2174 ἡ
941 2100 1033 2181 ἀρχὴ,
1058 2099 1094 2174 ὥς
1113 2126 1188 2174 τινες
1209 2105 1332 2182 ψευδῶς.
1355 2105 1458 2183 οὐγὰρ

332 2217 452 2300 Φέρεται
482 2221 530 2280 υῦυ
562 2215 719 2296 Εὐριπίδου
743 2216 831 2291 λόγος
854 2213 946 2286 οὐδεὶς
969 2219 1103 2287 τοιοῦτος.
1129 2217 1160 2279 οὐ
1183 2214 1241 2297 γοὶρ
1266 2217 1338 2289 ἐστι,
1364 2216 1461 2296 marla

332 2332 539 2413 Ἀρίσταρχος,
571 2335 622 2394 τοῦ
650 2327 826 2410 Ἀρχελάου,
852 2329 875 2391 εἰ
898 2327 942 2404 μὴ
965 2330 1053 2400 αὐτὸς
1077 2328 1233 2405 μετέθηκεν
1256 2327 1380 2411 ὕστερον.
1407 2330 1461 2395 ΑΙ-

333 2455 381 2511 ter
403 2451 490 2509 extat
513 2444 672 2530 prologus,
698 2442 736 2507 fr.
763 2444 838 2519 230,

556 2558 675 2629 Δαναὸς
698 2556 712 2620 o‘
736 2558 918 2630 πεντήκοντα
942 2555 1102 2636 θυγατέρων
1125 2555 1223 2637 πατήρ
1245 2557 1307 2621 κτὲ.

376 2671 479 2758 Bergk
513 2678 619 2736 censet
652 2669 837 2755 Euripidem
871 2670 932 2733 iarn
968 2678 1135 2752 antequam
1175 2670 1208 2733 in
1242 2669 1461 2735 Macedoniarn

331 2787 488 2873 migraret,
513 2786 621 2850 drama
644 2783 836 2848 Archelaum
857 2783 992 2848 Athenis
1012 2806 1120 2849 scenae
1141 2785 1338 2866 commisisse,
1351 2794 1461 2871 postea

330 2924 402 2967 vero
445 2901 479 2966 in
519 2899 671 2963 honorem
707 2897 854 2963 Archelai
885 2896 1085 2961 Macedoniae
1112 2898 1203 2983 regis,
1235 2900 1290 2983 qui
1319 2899 1460 2986 hospitio

331 3038 404 3081 enm
428 3021 599 3100 acceperat,
625 3012 792 3099 prologum
816 3012 1007 3076 immutasse.
1033 3011 1122 3091 Quae
1146 3020 1251 3077 tamen
1275 3013 1380 3098 opinio
1404 3013 1461 3078 dn-

332 3125 498 3194 bitonum
521 3150 593 3192 vera
616 3130 669 3190 sit.
695 3125 782 3207 Quid
805 3126 888 3191 euim
911 3126 991 3211 regis
1008 3127 1157 3190 intererat
1175 3127 1208 3190 in
1230 3127 1323 3191 initio
1335 3127 1456 3214 prologi

336 3245 435 3310 Danai
458 3242 648 3308 mentionem
672 3241 738 3305 fieri
761 3263 824 3305 non
849 3239 1008 3325 Aegypti?
1026 3239 1143 3304 Eodem
1164 3241 1256 3326 plane
1276 3241 1358 3305 redit
1378 3250 1463 3307 uter·

332 3383 394 3445 qne
418 3358 567 3445 prologus
574 3385 583 3436 3
608 3355 784 3421 Archelaus
808 3355 903 3432 eninr,
923 3377 1018 3440 nepos
1037 3353 1192 3432 Herculis,
1213 3378 1313 3440 genus
1326 3356 1464 3422 ducebat

333 3497 351 3538 a
381 3474 445 3538 filio
478 3472 615 3557 Aegypti
645 3477 677 3533 et
707 3470 771 3534 filia
802 3468 914 3533 Danai.
940 3466 1103 3532 Praeterea
1126 3469 1187 3532 iam
1212 3470 1344 3554 scriptor
1367 3471 1462 3536 Vitae

332 3587 493 3674 Euripidis
516 3584 649 3650 tradidit
671 3582 855 3669 Euripidem
880 3582 986 3647 drama
1005 3582 1194 3647 Archelaum
1214 3583 1370 3669 scripsisse
1389 3607 1462 3649 oum

332 3703 438 3768 Pellae
461 3702 495 3766 in
519 3698 706 3764 Macedonia
728 3697 866 3783 degeret.

375 3814 539 3879 Probanda
567 3812 645 3877 rnihi
667 3810 793 3875 videtur
816 3811 995 3874 coniectura
1018 3809 1176 3887 Eritschii,
1199 3809 1364 3895 prologum
1388 3817 1460 3895 post

331 3940 441 4017 poetae
470 3936 603 3993 mortem
626 3926 665 3990 ab
689 3925 842 4011 Euripide
867 3925 995 4003 minore,
1020 3923 1083 3987 sire
1107 3923 1171 3987 filio
1195 3924 1309 4007 magni,
1335 3924 1398 3988 sive
1421 3946 1460 3988 ex

330 4044 427 4109 fratre
448 4051 573 4129 nepote,
598 4049 759 4105 mutatum
784 4062 849 4103 esse
872 4045 997 4124 propter
1020 4037 1164 4102 acerbum
1189 4038 1407 4124 Aristophanis
1425 4039 1459 4104 in

331 4157 428 4221 Bonis
451 4157 567 4220 lusum.
591 4152 834 4233 „Vehementer
857 4152 939 4215 eninr
965 4149 1069 4214 Ranae
1089 4152 1278 4237 placuerunt
1295 4173 1353 4217 nec
1365 4153 1460 4217 semel

331 4270 414 4349 „sed
445 4266 492 4332 bis
522 4269 614 4333 datae
637 4273 713 4331 sunt
736 4274 774 4331 ut
797 4272 985 4351 spectatores
1008 4264 1103 4328 huius
1126 4271 1190 4329 tarn
1215 4264 1327 4350 longae
1350 4288 1460 4331 scenae

330 4382 449 4463 „facile
472 4382 721 4447 recordarentur.
747 4378 834 4460 Quid
859 4384 964 4443 autem
987 4378 1131 4442 futurum
1154 4384 1230 4459 erat,
1254 4379 1375 4463 siquis
1398 4386 1460 4443 tra·

329 4495 488 4582 „goediae
521 4500 683 4581 spectator
719 4492 873 4557 comicum
904 4489 985 4556 illud
1013 4491 1143 4565 ληκύθιον
1172 4491 1326 4556 ἀπώλεσεν
1350 4514 1463 4578 magna
