3592 5484
834 601 950 647 ausus.
1027 671 1033 678 .
1146 611 1148 614 ·
1369 584 1432 647 173

331 767 370 832 ah
393 771 450 834 Ar.
474 768 571 832 allata
594 767 721 832 fortasse
742 774 819 830 sunt
838 767 1023 850 Hyrnethus
1042 766 1257 851 impendentia
1278 769 1358 832 mala
1369 791 1455 854 prae·

332 883 490 965 sagientis.
522 881 705 966 Suspicatus
735 889 783 944 est
815 879 956 942 Fritsche
987 879 1081 942 etiarn
1105 881 1325 964 praecedentes
1347 905 1454 947 versus

332 995 388 1078 qui
418 995 457 1059 de
487 994 605 1059 somnio
636 1004 730 1078 agant
761 1016 778 1056 e
808 991 985 1056 Temenidis
1016 992 1132 1076 petitos
1155 1015 1230 1057 esse.
1255 993 1327 1058 Non
1351 1002 1456 1060 tamen

332 1106 520 1172 verbotenus
539 1107 618 1171 citat
640 1109 707 1186 Ar„
731 1129 773 1169 νε.
801 1107 886 1170 1339
911 1105 995 1170 enim
1019 1105 1127 1191 epicus
1150 1114 1206 1183 est,
1233 1107 1271 1170 cf.
1291 1105 1351 1170 Od.
1372 1106 1457 1171 VIII

333 1223 398 1284 426
420 1220 508 1302 apat
529 1220 607 1309 δέοὶ
629 1219 696 1301 πυρὶ
720 1221 839 1300 χαλκὸν
863 1219 972 1297 iduare,
997 1219 1114 1300 θέρμετε
1138 1219 1165 1283 δ’
1189 1216 1269 1301 ὕδωρ.

379 1333 429 1399 Ad
453 1335 538 1398 1340
562 1332 665 1398 Schol.
690 1331 742 1397 κοιὶ
766 1336 850 1396 τοῦτο
874 1339 1013 1410 μιμεῖτιιι
1037 1333 1050 1396 ὁ
1076 1331 1240 1412 Αἰσχύλος.

335 1558 390 1624 1Ῑε.
417 1551 521 1622 1344.
558 1557 692 1639 Νύμφαι
715 1557 895 1639 ὀρεσσίγονοι.

381 1672 483 1737 Schol.
508 1673 541 1736 ἐκ
564 1675 620 1734 τῶν
644 1675 784 1751 Ξοιντριῶν
806 1670 971 1749 Αἰσχύλου.
996 1668 1130 1755 Legitur
1153 1670 1191 1734 fr.
1214 1673 1293 1736 170:
1315 1671 1460 1751 ὀρεσσινό-

336 1811 404 1851 νοισι
439 1786 588 1867 Νύμφιιιι
622 1786 684 1850 κτὲ.
714 1787 758 1848 At
788 1807 852 1849 uon
881 1807 938 1848 sua
969 1786 1023 1850 sed
1054 1784 1215 1870 Euripidis
1234 1784 1325 1850 rerba
1350 1787 1461 1851 citasse

337 1901 528 1986 Aeschylum
551 1908 660 1985 sponte
685 1899 893 1984 intellegitur.

382 2013 431 2079 De
458 2037 501 2079 vs.
525 2015 609 2078 1348
634 2013 671 2077 cf.
696 2038 739 2078 vs.
765 2016 861 2078 1311.
886 2012 933 2076 De
953 2036 995 2077 vs.
1021 2015 1115 2077 1352.
1138 2014 1152 2078 o‘
1175 2012 1202 2077 δ’
1225 2013 1371 2078 ἀνέπτατ’
1396 2013 1462 2078 οὲνὲ-

338 2129 432 2192 οττοιτ’
456 2128 517 2194 κτὲ.
542 2128 580 2192 cf.
604 2151 646 2192 vs.
675 2129 770 2193 1337.

341 2353 395 2419 Vs.
423 2345 526 2415 1356.
561 2352 662 2424 Ἀλλ’,
686 2347 706 2414 ὦ
732 2359 849 2427 Κρῆτες,
875 2349 960 2423 Ἴδοος
979 2349 1083 2431 τέκνον,

563 2466 603 2530 τοὶ
625 2463 698 2539 τόξου
721 2464 865 2541 tapidum,-
889 2463 1065 2540 ἕτοιμόνοιτε
1090 2465 1152 2529 ari.

387 2581 489 2645 Schol.
521 2578 581 2643 ἔστι
609 2580 639 2644 δὲ
670 2579 703 2643 ἐκ
728 2582 842 2660 Κρητῶν
866 2579 1033 2658 Εὐριπίδου.
1059 2578 1107 2643 1)ε
1131 2601 1193 2662 qua
1216 2578 1377 2663 tragoedia
1400 2601 1465 2644 non

341 2695 480 2759 multum
503 2693 655 2758 novimus
681 2691 784 2757 Schol.
810 2695 891 2755 849:
916 2692 945 2755 ἑν
968 2691 1026 2771 yar
1050 2699 1112 2765 τοῖς
1136 2690 1242 2772 Κρησὶν
1267 2688 1381 2771 Ἴκονρον
1405 2716 1461 2770 μο-

340 2808 486 2888 veroum
511 2806 634 2880 ἕποι’νσε.
660 2804 758 2871 Poeta
780 2805 942 2869 historiam
966 2802 1134 2890 Pasiphaes
1157 2813 1305 2870 tractasse
1328 2807 1463 2871 videtur.

340 2920 390 2987 Cf.
415 2920 550 2999 Nauck„
575 2921 640 3004 qui,
659 2920 695 2983 fr.
720 2923 796 2998 474,
820 2919 956 3004 primum
974 2924 1101 2982 tanturn
1121 2941 1243 2983 versum
1264 2917 1466 2983 Cretensibus

341 3033 509 3099 adiudicat.
541 3034 737 3118 Argumenta
760 3055 824 3096 non
846 3031 980 3095 addidit.
1005 3030 1168 3095 Crederem
1194 3033 1339 3116 equidem
1360 3053 1467 3096 verum

344 3170 416 3212 cum
440 3148 552 3226 dicere,
576 3148 602 3212 si
625 3154 779 3211 constaret
803 3144 896 3210 verba
918 3146 989 3209 ἁλλ’
1013 3145 1074 3209 xri.
1100 3166 1137 3207 cx
1159 3144 1239 3209 Icari
1259 3145 1405 3210 monodia
1418 3144 1468 3208 de·

345 3271 450 3327 sumta
485 3286 560 3343 esse,
593 3286 611 3325 a
640 3285 703 3346 quo
733 3263 871 3326 alienum
904 3269 971 3325 erat
1002 3259 1166 3325 Cretenses
1197 3261 1230 3324 in
1254 3283 1338 3325 arma
1362 3282 1469 3324 vocare

345 3376 493 3442 adversus
517 3400 619 3462 regern
644 3376 793 3441 Minoem.
818 3377 862 3438 At
884 3376 941 3439 hoc
965 3375 1094 3439 minime
1118 3381 1249 3440 constat.

345 3601 400 3669 Vs.
427 3595 531 3666 1382,
567 3601 614 3667 εἴθ’
638 3603 731 3683 ὤφελ’
754 3602 816 3666 κτὲ.
842 3600 921 3664 Eur.
947 3598 1032 3664 Med.
1062 3602 1090 3665 I.

346 3827 399 3893 Vs.
429 3820 531 3890 1333.
568 3826 711 3904 Σπερχειὲ
734 3824 853 3899 ποταμὲ
877 3822 1015 3900 detinni
1033 3824 1060 3885 r'
1084 3823 1268 3903 ἐτιττροροιί.

393 3941 494 4006 Schol.
519 3939 579 4004 ἔστι
603 3940 633 4002 δὲ
657 3941 689 4003 ἐιι
713 3940 893 4008 Φιλοκτήτου
916 3936 1083 4015 Αἰσχύλου.
1109 3935 1160 4000 Fr.
1187 3940 1249 4001 215
1270 3937 1323 4017 N.,
1346 3940 1409 4001 243
1431 3938 1470 4001 D.

347 4052 451 4118 Verba
474 4054 620 4118 videntur
643 4052 847 4116 Philoctetae.

348 4278 403 4345 Vs.
431 4269 536 4340 1391.
571 4274 704 4341 οὐκέστι
729 4277 845 4346 Πειθοῦς
870 4275 922 4355 ἱρὸν
946 4271 1023 4338 ἄλλο
1045 4273 1124 4347 πλὴν
1145 4274 1241 4352 λόγος.

396 4390 499 4455 Schol.
513 4386 546 4465 ἐξ
557 4391 727 4467 Ἀντιγόνης
740 4388 908 4469 Εὐριπίδου,
921 4385 960 4451 de
972 4387 1104 4471 quavid.
1114 4387 1265 4472 Epiruetr.
1278 4385 1323 4450 ΙΙ.
1334 4386 1385 4451 ur.
1399 4388 1472 4451 170.
