3592 5484
842 675 958 721 aaran.
1377 656 1436 718 16?

383 844 488 909 Aliam
518 843 601 907 viam
631 844 790 928 ingressus
820 843 961 907 Fritsche
991 864 1099 906 verum
1130 841 1245 906 dixisse
1270 841 1467 904 scholiastam

336 958 507 1038 contendit,
531 957 637 1042 plures
661 956 744 1021 enim
767 956 850 1021 locos
874 956 948 1019 alibi
971 978 1097 1040 quoque
1116 955 1228 1019 allatos
1253 978 1318 1019 esse
1332 977 1465 1038 quorum

337 1075 368 1138 in
403 1054 573 1156 superstite
601 1071 671 1156 lph.
704 1072 778 1135 Aul.
810 1072 934 1136 nullum
966 1072 1006 1134 sit
1035 1071 1212 1154 vestigium,
1244 1070 1336 1134 aliam
1368 1070 1467 1154 igitur

336 1186 433 1251 fuisse
452 1184 652 1272 Iphigeniam
676 1185 751 1250 Aul.
775 1186 897 1249 maioris
920 1184 1090 1269 Euripidis,
1111 1184 1204 1249 aliam
1222 1183 1361 1264 minoris,
1385 1206 1465 1267 quae

337 1301 376 1364 ad
400 1322 457 1364 nos
480 1300 633 1385 pervenit.

380 1413 501 1478 Extant
536 1435 642 1477 revera
676 1410 827 1478 eiusmodi
857 1413 927 1477 loci.
960 1412 1061 1476 Schol.
1096 1412 1175 1476 lton.
1204 1414 1309 1475 1400:
1335 1411 1466 1489 βέβληκ’

336 1528 503 1609 Ἀχιλλεὺς
516 1576 611 1592 .....
637 1528 661 1592 oi
684 1528 714 1592 δὲ
741 1526 822 1614 (ἔτι)
849 1529 877 1592 ἐκ
901 1536 937 1607 τῇ
960 1529 1021 1605 Ἰφ.
1046 1535 1082 1606 τῇ
1105 1527 1133 1589 ἐκ
1155 1527 1229 1590 Ari).
1257 1521 1311 1611 (ἦν
1330 1525 1460 1612 ὁτίπος)
1571 1582 1572 1585 ,

336 1643 421 1727 quod
440 1650 546 1706 tamen
566 1641 648 1706 nihil
668 1647 716 1705 est
734 1642 792 1704 nisi
812 1641 1000 1705 coniectura.
1020 1638 1142 1703 Deinde
1154 1637 1289 1724 Hesych.
1302 1637 1464 1718 ἄθραυστοι·

336 1757 512 1838 ιίσρίσκοπα
536 1756 603 1835 Erip.
629 1754 689 1836 Ἰφ.
715 1763 751 1835 τῇ
775 1756 804 1818 ἐν
824 1755 898 1819 Αὐλ,
920 1753 1044 1818 Tertius
1065 1759 1112 1817 est
1132 1753 1220 1816 locus
1234 1775 1282 1838 ap.
1298 1752 1467 1817 Aelianum

336 1872 375 1936 cf.
400 1871 438 1935 fr.
463 1870 541 1934 Eur.
566 1872 641 1934 851.

381 1985 468 2050 Num
490 2006 563 2048 vero
587 2007 624 2048 ex
648 1984 732 2048 hisce
754 1983 906 2066 sequitur,
931 1981 1014 2065 quod
1039 1980 1177 2045 Fritsche
1201 1981 1315 2058 voluit,
1338 1981 1462 2066 Iphige-

335 2100 417 2164 niam
444 2099 520 2164 Aul.
543 2099 646 2163 adhuc
671 2099 792 2162 vivente
815 2096 965 2182 Euripide
988 2097 1020 2159 in
1043 2118 1165 2159 scenam
1190 2093 1464 2180 prodiisse?Non·

335 2214 425 2279 nulla
456 2213 490 2277 in
521 2213 579 2276 hec
609 2212 769 2296 tragoedia
800 2218 921 2274 mutata
951 2232 1015 2273 esse
1044 2217 1100 2272 aut
1122 2209 1312 2294 interpolate
1336 2209 1464 2272 minime

336 2351 435 2414 nego;
468 2327 526 2392 hoc
557 2349 658 2390 unum
681 2347 753 2389 vero
777 2332 898 2388 constat
922 2323 1117 2408 Iphigeniam
1143 2322 1218 2387 Aul.
1245 2329 1316 2407 post
1340 2322 1465 2407 Euripi·

337 2441 385 2505 dis
423 2449 555 2504 mortem
584 2441 604 2503 i.
637 2463 664 2502 e.
694 2446 763 2523 post
789 2438 891 2501 Ranas
923 2437 1047 2500 doctam
1079 2460 1145 2500 esse
1170 2435 1286 2520 (Schol.
1310 2435 1389 2499 Ean.
1416 2439 1467 2501 67,

337 2554 409 2621 otro
442 2555 500 2635 γὰρ
533 2552 585 2618 καί
616 2553 649 2617 αί
680 2553 867 2617 διδασκαλίαι
896 2551 1023 2632 φέρουσι,
1049 2553 1280 2623 τελευτήσαντος
1307 2551 1465 2631 Εὐριπίδου

336 2670 385 2733 τὸν
416 2668 473 2732 cliv
496 2668 588 2731 αὐτοῦ
614 2666 799 2746 δεδιδαχὲκαι
824 2666 974 2743 ὁμώνυμοι
997 2667 1026 2728 ἐκ
1049 2664 1132 2728 οίστει
1155 2663 1335 2745 Ἰφιγένειαν
1358 2663 1412 2736 τὴν
1435 2664 1464 2728 ἐν

336 2782 457 2854 Αὐλίδι,
488 2781 696 2860 Ἀλκμαίωνα,
728 2779 888 2865 Βάκχας),
919 2787 950 2843 et
981 2801 1048 2843 eam
1082 2779 1143 2842 iam
1167 2785 1259 2842 antee
1283 2777 1315 2841 iu
1339 2800 1461 2841 scenam

333 2896 485 2982 prodiisse
516 2894 605 2959 nullo
637 2895 751 2958 nititur
782 2893 995 2957 fundamento.
1020 2890 1065 2955 cf.
1091 2890 1187 2955 Weil.·
1211 2891 1296 2975 Sept.
1322 2899 1401 2975 trag.
1427 2914 1458 2977 p.

336 3013 399 3074 aoa
424 3031 492 3093 sqq.
609 2983 614 2991 ’

378 3124 492 3208 Itaque
511 3131 569 3186 aut
592 3122 707 3186 erravit
729 3120 899 3184 Scholiasta
924 3119 977 3202 qui
1001 3116 1034 3191 ἐξ
1052 3119 1230 3199 Ἰφιγενείας
1251 3118 1385 3201 scripsit,
1407 3124 1464 3181 aut

333 3239 420 3303 aliud
456 3236 588 3300 tradidit
618 3257 741 3299 nomen.
775 3233 843 3297 Hoc
873 3233 949 3296 mihi
980 3231 1140 3318 probabile
1171 3232 1306 3296 videtur.
1333 3233 1460 3314 Scripsit

333 3349 373 3426 ἐξ
394 3349 645 3430 Ὑψιπύλης,
672 3348 762 3412 cuius
786 3347 921 3411 nominis
941 3344 1159 3431 compendium
1180 3347 1289 3424 ’Τψιικ
1310 3367 1406 3431 prope
1418 3343 1457 3415 ab

333 3468 428 3547 Ἰφιγ.
461 3463 559 3528 abest.
591 3462 692 3526 Simili
717 3461 813 3526 errori
837 3443 991 3524 debentur
1015 3458 1234 3539 Andromache
1257 3480 1313 3543 pro
1338 3457 1456 3522 Andro·

333 3579 424 3642 meda
452 3578 489 3642 fr.
522 3576 599 3640 Eur.
632 3576 706 3653 133,
728 3573 914 3639 Phoenissae
937 3596 992 3657 pro
1015 3572 1169 3637 Phoenice
1193 3570 1281 3635 Stob.
1308 3573 1382 3634 121.
1408 3574 1459 3650 la,

333 3693 517 3777 Melanippa
540 3689 725 3771 Σοφοκλέους
750 3711 805 3774 pro
829 3687 904 3751 Mel.
928 3694 1018 3768 σοφῇ,
1042 3686 1243 3751 Aristarchus
1263 3708 1321 3772 pro
1341 3686 1460 3749 Aristo·
1500 3671 1503 3675 .

332 3808 433 3894 phane
457 3806 489 3870 in
513 3804 615 3869 Schol.
641 3807 735 3868 Hom.
756 3803 930 3886 similiaque
951 3802 1060 3866 multa.
1082 3801 1125 3865 'Ut
1142 3809 1248 3865 autem
1263 3802 1459 3885 potissimum

333 3920 525 4006 Hypsipylae
549 3942 607 3983 vas.
635 3921 719 3981 1309
745 3940 811 4001 sqq.
836 3917 972 3980 tribuam
997 3923 1122 3979 movent
1146 3938 1194 3979 me
1217 3937 1275 3978 uss.
1292 3917 1457 3998 lacusqq.

332 4035 517 4120 Aeschylus,
550 4032 672 4097 Musam
705 4032 906 4117 Euripideum
937 4031 1091 4095 advocans
1122 4031 1174 4093 cui
1198 4036 1309 4093 cantus
1332 4029 1372 4092 ad
1397 4051 1459 4094 cre·

332 4150 470 4236 pitantes
494 4155 590 4211 testas
612 4147 744 4233 placuit,
767 4153 804 4209 ut
831 4146 932 4210 Schol.
954 4145 1045 4209 docet
1068 4144 1245 4229 tragoediae
1273 4143 1458 4227 Hypsipylae

330 4261 425 4326 ludit.
459 4260 635 4324 Adstetisse
665 4259 804 4345 puellam
827 4281 907 4343 quae
932 4258 1125 4343 Hypsipylen
1148 4257 1287 4334 referret,
1310 4256 1386 4320 dum
1411 4277 1458 4319 ca-

330 4385 420 4442 neret
451 4375 634 4460 Aeschylus,
665 4375 830 4439 verisimile
861 4381 916 4439 est.
949 4372 988 4438 In
1016 4381 1142 4458 promtu
1174 4371 1274 4456 igitur
1306 4379 1353 4435 est
1377 4372 1458 4435 coni·

333 4513 400 4556 cere
432 4510 540 4554 versus
571 4488 687 4573 quibus
718 4487 887 4573 Aeschylus
918 4494 1081 4552 centonem
1104 4484 1313 4571 Euripideum
1337 4483 1455 4570 incepit
