<?xml version="1.0" encoding="UTF-8"?>
<!DOCTYPE html PUBLIC "-//W3C//DTD XHTML 1.0 Transitional//EN"
    "http://www.w3.org/TR/xhtml1/DTD/xhtml1-transitional.dtd">
<html xmlns="http://www.w3.org/1999/xhtml" xml:lang="en" lang="en">
 <head>
  <title>
</title>
<meta http-equiv="Content-Type" content="text/html;charset=utf-8" />
  <meta name='ocr-system' content='tesseract 3.04.00' />
  <meta name='ocr-capabilities' content='ocr_page ocr_carea ocr_par ocr_line ocrx_word'/>
</head>
<body>
  <div class='ocr_page' id='page_1' title='image "./deparodiaincomo01bakhgoog_0129.png"; bbox 0 0 3592 5484; ppageno 0'>
   <div class='ocr_carea' id='block_1_1' title="bbox 354 745 1069 805">
    <p class='ocr_par' dir='ltr' id='par_1_1' title="bbox 354 745 1069 805">
     <span class='ocr_line' id='line_1_1' title="bbox 354 745 1069 805; baseline -0.003 0"><span class='ocrx_word' id='word_1_1' title='bbox 354 745 418 805; x_wconf 83' lang='lat'><strong>114</strong></span> <span class='ocrx_word' id='word_1_2' title='bbox 712 756 1069 803; x_wconf 76' lang='lat' dir='ltr'><strong>nussnornoarszusas.</strong></span> 
     </span>
    </p>
   </div>
   <div class='ocr_carea' id='block_1_2' title="bbox 331 924 1449 1010">
    <p class='ocr_par' dir='ltr' id='par_1_2' title="bbox 331 924 1449 1010">
     <span class='ocr_line' id='line_1_2' title="bbox 331 924 1449 1010; baseline -0.001 -19"><span class='ocrx_word' id='word_1_3' title='bbox 331 927 422 1008; x_wconf 78' lang='lat' dir='ltr'><strong>Quae</strong></span> <span class='ocrx_word' id='word_1_4' title='bbox 451 949 522 990; x_wconf 79' lang='lat' dir='ltr'><strong>vera</strong></span> <span class='ocrx_word' id='word_1_5' title='bbox 551 926 697 991; x_wconf 79' lang='lat' dir='ltr'><strong>videntur</strong></span> <span class='ocrx_word' id='word_1_6' title='bbox 726 924 780 988; x_wconf 87' lang='lat' dir='ltr'><strong>sed</strong></span> <span class='ocrx_word' id='word_1_7' title='bbox 801 924 926 1008; x_wconf 81' lang='lat' dir='ltr'><strong>Engero</strong></span> <span class='ocrx_word' id='word_1_8' title='bbox 948 925 1182 989; x_wconf 86' lang='lat' dir='ltr'><strong>concedendum</strong></span> <span class='ocrx_word' id='word_1_9' title='bbox 1205 932 1252 989; x_wconf 87' lang='lat' dir='ltr'><strong>est</strong></span> <span class='ocrx_word' id='word_1_10' title='bbox 1274 924 1449 1010; x_wconf 77' lang='lat' dir='ltr'><strong>„Aeschyli</strong></span> 
     </span>
    </p>
   </div>
   <div class='ocr_carea' id='block_1_3' title="bbox 209 1037 1455 1127">
    <p class='ocr_par' dir='ltr' id='par_1_3' title="bbox 209 1037 1455 1127">
     <span class='ocr_line' id='line_1_3' title="bbox 209 1037 1455 1127; baseline -0.002 -21"><span class='ocrx_word' id='word_1_11' title='bbox 209 1111 213 1115; x_wconf 69' lang='grc'><strong>,</strong></span> <span class='ocrx_word' id='word_1_12' title='bbox 333 1039 457 1121; x_wconf 79' lang='lat' dir='ltr'><strong>„verba</strong></span> <span class='ocrx_word' id='word_1_13' title='bbox 487 1041 552 1127; x_wconf 89' lang='lat' dir='ltr'><strong>ipsa</strong></span> <span class='ocrx_word' id='word_1_14' title='bbox 576 1040 692 1104; x_wconf 76' lang='lat' dir='ltr'><strong>eahae</strong></span> <span class='ocrx_word' id='word_1_15' title='bbox 715 1038 933 1124; x_wconf 78' lang='lat' dir='ltr'><strong>Aristophanis</strong></span> <span class='ocrx_word' id='word_1_16' title='bbox 956 1041 1085 1124; x_wconf 89' lang='lat' dir='ltr'><strong>parodia</strong></span> <span class='ocrx_word' id='word_1_17' title='bbox 1108 1062 1217 1105; x_wconf 86' lang='lat' dir='ltr'><strong>eruere</strong></span> <span class='ocrx_word' id='word_1_18' title='bbox 1239 1037 1337 1103; x_wconf 80' lang='lat' dir='ltr'><strong>velle&#39;’</strong></span> <span class='ocrx_word' id='word_1_19' title='bbox 1360 1039 1455 1124; x_wconf 90' lang='lat' dir='ltr'><strong>(quod</strong></span> 
     </span>
    </p>
   </div>
   <div class='ocr_carea' id='block_1_4' title="bbox 306 1152 1460 2042">
    <p class='ocr_par' dir='ltr' id='par_1_4' title="bbox 306 1152 1460 1471">
     <span class='ocr_line' id='line_1_4' title="bbox 333 1152 1458 1238; baseline -0.001 -17"><span class='ocrx_word' id='word_1_20' title='bbox 333 1165 465 1221; x_wconf 83' lang='lat' dir='ltr'><strong>conatus</strong></span> <span class='ocrx_word' id='word_1_21' title='bbox 498 1163 565 1220; x_wconf 90' lang='lat' dir='ltr'><strong>erat</strong></span> <span class='ocrx_word' id='word_1_22' title='bbox 595 1153 658 1238; x_wconf 78' lang='lat' dir='ltr'><strong>Fr.)</strong></span> <span class='ocrx_word' id='word_1_23' title='bbox 689 1205 710 1233; x_wconf 91' lang='lat'><em>„</em></span> <span class='ocrx_word' id='word_1_24' title='bbox 719 1154 919 1219; x_wconf 88' lang='lat' dir='ltr'><strong>temerarium</strong></span> <span class='ocrx_word' id='word_1_25' title='bbox 948 1161 1006 1218; x_wconf 90' lang='lat' dir='ltr'><strong>est.</strong></span> <span class='ocrx_word' id='word_1_26' title='bbox 1039 1152 1143 1235; x_wconf 81' lang='lat' dir='ltr'><strong>Quam</strong></span> <span class='ocrx_word' id='word_1_27' title='bbox 1176 1155 1273 1220; x_wconf 88' lang='lat' dir='ltr'><strong>libere</strong></span> <span class='ocrx_word' id='word_1_28' title='bbox 1296 1155 1379 1220; x_wconf 92' lang='lat' dir='ltr'><strong>enim</strong></span> <span class='ocrx_word' id='word_1_29' title='bbox 1402 1156 1458 1220; x_wconf 86' lang='lat' dir='ltr'><strong>Ar.</strong></span> 
     </span>
     <span class='ocr_line' id='line_1_5' title="bbox 306 1266 1460 1355; baseline -0.001 -20"><span class='ocrx_word' id='word_1_30' title='bbox 306 1267 309 1270; x_wconf 62' lang='grc'><strong>’</strong></span> <span class='ocrx_word' id='word_1_31' title='bbox 333 1271 419 1351; x_wconf 87' lang='lat' dir='ltr'><strong>„hac</strong></span> <span class='ocrx_word' id='word_1_32' title='bbox 450 1271 483 1335; x_wconf 94' lang='lat' dir='ltr'><strong>in</strong></span> <span class='ocrx_word' id='word_1_33' title='bbox 511 1294 544 1335; x_wconf 90' lang='lat' dir='ltr'><strong>re</strong></span> <span class='ocrx_word' id='word_1_34' title='bbox 567 1269 665 1334; x_wconf 81' lang='lat' dir='ltr'><strong>soleat</strong></span> <span class='ocrx_word' id='word_1_35' title='bbox 686 1269 810 1347; x_wconf 82' lang='lat' dir='ltr'><strong>versari,</strong></span> <span class='ocrx_word' id='word_1_36' title='bbox 833 1290 872 1333; x_wconf 87' lang='lat' dir='ltr'><strong>ex</strong></span> <span class='ocrx_word' id='word_1_37' title='bbox 894 1267 1029 1332; x_wconf 88' lang='lat' dir='ltr'><strong>aliarum</strong></span> <span class='ocrx_word' id='word_1_38' title='bbox 1051 1266 1230 1334; x_wconf 86' lang='lat' dir='ltr'><strong>fabularum</strong></span> <span class='ocrx_word' id='word_1_39' title='bbox 1255 1268 1391 1355; x_wconf 86' lang='lat' dir='ltr'><strong>parodiis</strong></span> <span class='ocrx_word' id='word_1_40' title='bbox 1414 1269 1460 1334; x_wconf 90' lang='lat' dir='ltr'><strong>in·</strong></span> 
     </span>
     <span class='ocr_line' id='line_1_6' title="bbox 333 1383 616 1471; baseline -0.004 -21"><span class='ocrx_word' id='word_1_41' title='bbox 333 1385 463 1470; x_wconf 82' lang='lat' dir='ltr'><strong>„telligi</strong></span> <span class='ocrx_word' id='word_1_42' title='bbox 484 1383 616 1471; x_wconf 82' lang='lat' dir='ltr'><strong>potest.&#39;’</strong></span> 
     </span>
    </p>

    <p class='ocr_par' dir='ltr' id='par_1_5' title="bbox 334 1496 1459 1698">
     <span class='ocr_line' id='line_1_7' title="bbox 380 1496 1459 1583; baseline -0.001 -19"><span class='ocrx_word' id='word_1_43' title='bbox 380 1497 568 1564; x_wconf 82' lang='lat' dir='ltr'><strong>Eorumdem</strong></span> <span class='ocrx_word' id='word_1_44' title='bbox 598 1498 744 1583; x_wconf 81' lang='lat' dir='ltr'><strong>Aeschyli</strong></span> <span class='ocrx_word' id='word_1_45' title='bbox 772 1496 935 1562; x_wconf 82' lang='lat' dir='ltr'><strong>verborum</strong></span> <span class='ocrx_word' id='word_1_46' title='bbox 959 1499 1139 1564; x_wconf 82' lang='lat' dir='ltr'><strong>meminisse</strong></span> <span class='ocrx_word' id='word_1_47' title='bbox 1163 1499 1288 1564; x_wconf 80' lang='lat' dir='ltr'><strong>videtur</strong></span> <span class='ocrx_word' id='word_1_48' title='bbox 1310 1501 1365 1564; x_wconf 88' lang='lat' dir='ltr'><strong>Ar.</strong></span> <span class='ocrx_word' id='word_1_49' title='bbox 1388 1521 1459 1565; x_wconf 92' lang='lat' dir='ltr'><strong>cum</strong></span> 
     </span>
     <span class='ocr_line' id='line_1_8' title="bbox 334 1612 970 1698; baseline 0 -20"><span class='ocrx_word' id='word_1_50' title='bbox 334 1612 415 1678; x_wconf 83' lang='lat' dir='ltr'><strong>Rau.</strong></span> <span class='ocrx_word' id='word_1_51' title='bbox 438 1618 479 1679; x_wconf 74' lang='lat'><strong>47</strong></span> <span class='ocrx_word' id='word_1_52' title='bbox 503 1612 671 1678; x_wconf 82' lang='lat' dir='ltr'><strong>Herculem</strong></span> <span class='ocrx_word' id='word_1_53' title='bbox 693 1613 767 1678; x_wconf 84' lang='lat' dir='ltr'><strong>lecit</strong></span> <span class='ocrx_word' id='word_1_54' title='bbox 790 1620 970 1698; x_wconf 80' lang='lat' dir='ltr'><strong>rogantem:</strong></span> 
     </span>
    </p>

    <p class='ocr_par' dir='ltr' id='par_1_6' title="bbox 535 1726 1355 1810">
     <span class='ocr_line' id='line_1_9' title="bbox 535 1726 1355 1810; baseline 0.001 -18"><span class='ocrx_word' id='word_1_55' title='bbox 535 1729 580 1801; x_wconf 83' lang='grc' dir='ltr'><strong>τίς</strong></span> <span class='ocrx_word' id='word_1_56' title='bbox 602 1727 616 1792; x_wconf 89' lang='grc' dir='ltr'><strong><em>ό</em></strong></span> <span class='ocrx_word' id='word_1_57' title='bbox 639 1732 720 1802; x_wconf 83' lang='grc' dir='ltr'><strong><em>νοῦςς</em></strong></span> <span class='ocrx_word' id='word_1_58' title='bbox 744 1728 775 1792; x_wconf 86' lang='grc' dir='ltr'><strong>σι’</strong></span> <span class='ocrx_word' id='word_1_59' title='bbox 795 1727 919 1809; x_wconf 88' lang='grc' dir='ltr'><strong><em>ιιόθορνος</em></strong></span> <span class='ocrx_word' id='word_1_60' title='bbox 941 1727 991 1793; x_wconf 76' lang='grc' dir='ltr'><strong>ναὶ</strong></span> <span class='ocrx_word' id='word_1_61' title='bbox 1014 1730 1141 1810; x_wconf 81' lang='grc' dir='ltr'><strong><em>ρ’όπιιλιν</em></strong></span> <span class='ocrx_word' id='word_1_62' title='bbox 1164 1726 1355 1805; x_wconf 75' lang='grc' dir='ltr'><strong><em>ξυνηλθέτηνς</em></strong></span> 
     </span>
    </p>

    <p class='ocr_par' dir='ltr' id='par_1_7' title="bbox 380 1841 1458 1930">
     <span class='ocr_line' id='line_1_10' title="bbox 380 1841 1458 1930; baseline 0.004 -25"><span class='ocrx_word' id='word_1_63' title='bbox 380 1842 554 1928; x_wconf 85' lang='lat' dir='ltr'><strong>Agathonis</strong></span> <span class='ocrx_word' id='word_1_64' title='bbox 585 1842 680 1906; x_wconf 84' lang='lat' dir='ltr'><strong>vitam</strong></span> <span class='ocrx_word' id='word_1_65' title='bbox 711 1841 919 1906; x_wconf 79' lang='lat' dir='ltr'><strong>effeminatam</strong></span> <span class='ocrx_word' id='word_1_66' title='bbox 950 1845 981 1907; x_wconf 92' lang='lat' dir='ltr'><strong>in</strong></span> <span class='ocrx_word' id='word_1_67' title='bbox 1014 1842 1171 1929; x_wconf 79' lang='lat' dir='ltr'><strong>Gerytade</strong></span> <span class='ocrx_word' id='word_1_68' title='bbox 1195 1866 1319 1928; x_wconf 89' lang='lat' dir='ltr'><strong>qnoque</strong></span> <span class='ocrx_word' id='word_1_69' title='bbox 1343 1845 1458 1930; x_wconf 78' lang='lat' dir='ltr'><strong>carpsit</strong></span> 
     </span>
    </p>

    <p class='ocr_par' dir='ltr' id='par_1_8' title="bbox 336 1956 795 2042">
     <span class='ocr_line' id='line_1_11' title="bbox 336 1956 795 2042; baseline 0.002 -22"><span class='ocrx_word' id='word_1_70' title='bbox 336 1956 572 2042; x_wconf 80' lang='lat' dir='ltr'><strong>Aristophanes,</strong></span> <span class='ocrx_word' id='word_1_71' title='bbox 596 1958 634 2022; x_wconf 82' lang='lat' dir='ltr'><strong>cl.</strong></span> <span class='ocrx_word' id='word_1_72' title='bbox 658 1957 695 2021; x_wconf 85' lang='lat' dir='ltr'><strong>lr.</strong></span> <span class='ocrx_word' id='word_1_73' title='bbox 721 1960 795 2021; x_wconf 78' lang='lat'><strong>229.</strong></span> 
     </span>
    </p>
   </div>
   <div class='ocr_carea' id='block_1_5' title="bbox 336 2173 1460 2722">
    <p class='ocr_par' dir='ltr' id='par_1_9' title="bbox 336 2173 1460 2722">
     <span class='ocr_line' id='line_1_12' title="bbox 336 2173 1324 2261; baseline 0.004 -20"><span class='ocrx_word' id='word_1_74' title='bbox 336 2179 392 2244; x_wconf 86' lang='lat' dir='ltr'><strong>Vs.</strong></span> <span class='ocrx_word' id='word_1_75' title='bbox 421 2173 499 2242; x_wconf 84' lang='grc'><strong>146.</strong></span> <span class='ocrx_word' id='word_1_76' title='bbox 535 2176 700 2261; x_wconf 73' lang='grc' dir='ltr'><strong><em>όπρέσβυ,</em></strong></span> <span class='ocrx_word' id='word_1_77' title='bbox 724 2180 849 2261; x_wconf 78' lang='grc' dir='ltr'><strong><em>πρέσβυ,</em></strong></span> <span class='ocrx_word' id='word_1_78' title='bbox 874 2186 925 2245; x_wconf 78' lang='grc' dir='ltr'><strong>τοῦ</strong></span> <span class='ocrx_word' id='word_1_79' title='bbox 949 2180 1056 2261; x_wconf 78' lang='grc' dir='ltr'><strong><em>φθόνου</em></strong></span> <span class='ocrx_word' id='word_1_80' title='bbox 1080 2182 1136 2259; x_wconf 80' lang='grc' dir='ltr'><strong>μὲν</strong></span> <span class='ocrx_word' id='word_1_81' title='bbox 1160 2183 1209 2246; x_wconf 85' lang='grc' dir='ltr'><strong>τόν</strong></span> <span class='ocrx_word' id='word_1_82' title='bbox 1231 2181 1324 2261; x_wconf 68' lang='grc' dir='ltr'><strong><em>’θόρον</em></strong></span> 
     </span>
     <span class='ocr_line' id='line_1_13' title="bbox 537 2294 1221 2376; baseline 0.001 -18"><span class='ocrx_word' id='word_1_83' title='bbox 537 2294 656 2368; x_wconf 75' lang='grc' dir='ltr'><strong><em>ιἰιοσυσοι,</em></strong></span> <span class='ocrx_word' id='word_1_84' title='bbox 680 2295 734 2367; x_wconf 74' lang='grc' dir='ltr'><strong>σὺν</strong></span> <span class='ocrx_word' id='word_1_85' title='bbox 756 2295 783 2359; x_wconf 79' lang='grc' dir='ltr'><strong>δ’</strong></span> <span class='ocrx_word' id='word_1_86' title='bbox 807 2294 935 2373; x_wconf 75' lang='grc' dir='ltr'><strong><em>όιλγησιν</em></strong></span> <span class='ocrx_word' id='word_1_87' title='bbox 958 2297 991 2359; x_wconf 80' lang='grc' dir='ltr'><strong>οὐ</strong></span> <span class='ocrx_word' id='word_1_88' title='bbox 1013 2296 1221 2376; x_wconf 72' lang='grc' dir='ltr'><strong><em>παρεσχόμην.</em></strong></span> 
     </span>
     <span class='ocr_line' id='line_1_14' title="bbox 384 2406 1460 2495; baseline 0.002 -24"><span class='ocrx_word' id='word_1_89' title='bbox 384 2406 463 2471; x_wconf 90' lang='lat' dir='ltr'><strong>Cum</strong></span> <span class='ocrx_word' id='word_1_90' title='bbox 492 2406 626 2493; x_wconf 85' lang='lat' dir='ltr'><strong>Bergkio</strong></span> <span class='ocrx_word' id='word_1_91' title='bbox 656 2409 845 2488; x_wconf 78' lang='grc' dir='ltr'><strong><em>πορησθόμην</em></strong></span> <span class='ocrx_word' id='word_1_92' title='bbox 865 2407 1042 2495; x_wconf 43' lang='lat' dir='ltr'><strong>,legendum</strong></span> <span class='ocrx_word' id='word_1_93' title='bbox 1073 2416 1130 2472; x_wconf 88' lang='lat' dir='ltr'><strong>est.</strong></span> <span class='ocrx_word' id='word_1_94' title='bbox 1151 2407 1253 2473; x_wconf 68' lang='lat' dir='ltr'><strong>Verba</strong></span> <span class='ocrx_word' id='word_1_95' title='bbox 1278 2409 1460 2493; x_wconf 73' lang='lat' dir='ltr'><strong>Agathonis,</strong></span> 
     </span>
     <span class='ocr_line' id='line_1_15' title="bbox 339 2514 1454 2608; baseline 0.001 -24"><span class='ocrx_word' id='word_1_96' title='bbox 339 2528 376 2584; x_wconf 83' lang='lat' dir='ltr'><strong>nt</strong></span> <span class='ocrx_word' id='word_1_97' title='bbox 406 2544 462 2606; x_wconf 90' lang='lat' dir='ltr'><strong>par</strong></span> <span class='ocrx_word' id='word_1_98' title='bbox 488 2530 544 2602; x_wconf 76' lang='lat' dir='ltr'><strong>est,</strong></span> <span class='ocrx_word' id='word_1_99' title='bbox 574 2521 759 2607; x_wconf 89' lang='lat' dir='ltr'><strong>plerumque</strong></span> <span class='ocrx_word' id='word_1_100' title='bbox 788 2522 923 2587; x_wconf 89' lang='lat' dir='ltr'><strong>colorem</strong></span> <span class='ocrx_word' id='word_1_101' title='bbox 952 2524 1108 2608; x_wconf 83' lang='lat' dir='ltr'><strong>tragicum</strong></span> <span class='ocrx_word' id='word_1_102' title='bbox 1133 2521 1251 2587; x_wconf 89' lang='lat' dir='ltr'><strong>habent</strong></span> <span class='ocrx_word' id='word_1_103' title='bbox 1272 2521 1327 2587; x_wconf 93' lang='lat' dir='ltr'><strong>sed</strong></span> <span class='ocrx_word' id='word_1_104' title='bbox 1349 2525 1394 2586; x_wconf 83' lang='lat' dir='ltr'><strong>ita</strong></span> <span class='ocrx_word' id='word_1_105' title='bbox 1417 2514 1454 2588; x_wconf 85' lang='lat' dir='ltr'><strong>ut</strong></span> 
     </span>
     <span class='ocr_line' id='line_1_16' title="bbox 337 2635 1459 2722; baseline 0.003 -24"><span class='ocrx_word' id='word_1_106' title='bbox 337 2635 430 2700; x_wconf 88' lang='lat' dir='ltr'><strong>metri</strong></span> <span class='ocrx_word' id='word_1_107' title='bbox 462 2636 573 2721; x_wconf 86' lang='lat' dir='ltr'><strong>tragici</strong></span> <span class='ocrx_word' id='word_1_108' title='bbox 601 2636 683 2722; x_wconf 83' lang='lat' dir='ltr'><strong>leges</strong></span> <span class='ocrx_word' id='word_1_109' title='bbox 712 2659 941 2722; x_wconf 91' lang='lat' dir='ltr'><strong>nonnunquam</strong></span> <span class='ocrx_word' id='word_1_110' title='bbox 972 2660 1034 2702; x_wconf 88' lang='lat' dir='ltr'><strong>non</strong></span> <span class='ocrx_word' id='word_1_111' title='bbox 1064 2636 1268 2703; x_wconf 86' lang='lat' dir='ltr'><strong>observentur</strong></span> <span class='ocrx_word' id='word_1_112' title='bbox 1298 2660 1325 2701; x_wconf 85' lang='lat' dir='ltr'><strong>v.</strong></span> <span class='ocrx_word' id='word_1_113' title='bbox 1358 2660 1383 2700; x_wconf 94' lang='lat' dir='ltr'><strong>c.</strong></span> <span class='ocrx_word' id='word_1_114' title='bbox 1415 2660 1459 2701; x_wconf 81' lang='lat' dir='ltr'><strong>vs.</strong></span> 
     </span>
    </p>
   </div>
   <div class='ocr_carea' id='block_1_6' title="bbox 338 2747 1461 2941">
    <p class='ocr_par' dir='ltr' id='par_1_10' title="bbox 338 2747 1461 2941">
     <span class='ocr_line' id='line_1_17' title="bbox 338 2747 1461 2838; baseline 0.004 -27"><span class='ocrx_word' id='word_1_115' title='bbox 338 2750 413 2811; x_wconf 74' lang='lat'><strong>162.</strong></span> <span class='ocrx_word' id='word_1_116' title='bbox 444 2747 576 2813; x_wconf 82' lang='lat' dir='ltr'><strong>Versum</strong></span> <span class='ocrx_word' id='word_1_117' title='bbox 597 2750 695 2835; x_wconf 83' lang='lat' dir='ltr'><strong>igitur</strong></span> <span class='ocrx_word' id='word_1_118' title='bbox 720 2753 783 2816; x_wconf 80' lang='lat'><strong>173</strong></span> <span class='ocrx_word' id='word_1_119' title='bbox 806 2773 1010 2816; x_wconf 89' lang='lat' dir='ltr'><strong>numerorum</strong></span> <span class='ocrx_word' id='word_1_120' title='bbox 1034 2773 1127 2817; x_wconf 84' lang='lat' dir='ltr'><strong>causa</strong></span> <span class='ocrx_word' id='word_1_121' title='bbox 1149 2759 1271 2816; x_wconf 87' lang='lat' dir='ltr'><strong>mutare</strong></span> <span class='ocrx_word' id='word_1_122' title='bbox 1297 2774 1359 2816; x_wconf 92' lang='lat' dir='ltr'><strong>non</strong></span> <span class='ocrx_word' id='word_1_123' title='bbox 1383 2773 1461 2838; x_wconf 87' lang='lat' dir='ltr'><strong>opus</strong></span> 
     </span>
     <span class='ocr_line' id='line_1_18' title="bbox 338 2862 942 2941; baseline 0 -13"><span class='ocrx_word' id='word_1_124' title='bbox 338 2871 397 2941; x_wconf 87' lang='lat' dir='ltr'><strong>est,</strong></span> <span class='ocrx_word' id='word_1_125' title='bbox 420 2864 459 2928; x_wconf 84' lang='lat' dir='ltr'><strong>cl.</strong></span> <span class='ocrx_word' id='word_1_126' title='bbox 485 2862 562 2928; x_wconf 84' lang='lat' dir='ltr'><strong>Rau.</strong></span> <span class='ocrx_word' id='word_1_127' title='bbox 587 2868 661 2928; x_wconf 80' lang='lat'><strong>652.</strong></span> <span class='ocrx_word' id='word_1_128' title='bbox 686 2865 766 2929; x_wconf 78' lang='lat' dir='ltr'><strong>Cum</strong></span> <span class='ocrx_word' id='word_1_129' title='bbox 789 2889 833 2930; x_wconf 89' lang='lat' dir='ltr'><strong>vs.</strong></span> <span class='ocrx_word' id='word_1_130' title='bbox 860 2867 942 2930; x_wconf 87' lang='lat'>155:</span> 
     </span>
    </p>
   </div>
   <div class='ocr_carea' id='block_1_7' title="bbox 337 2977 1464 3724">
    <p class='ocr_par' dir='ltr' id='par_1_11' title="bbox 337 2977 1464 3724">
     <span class='ocr_line' id='line_1_19' title="bbox 735 2977 1056 3058; baseline -0.003 -13"><span class='ocrx_word' id='word_1_131' title='bbox 735 2977 757 3045; x_wconf 86' lang='grc' dir='ltr'><strong>όι</strong></span> <span class='ocrx_word' id='word_1_132' title='bbox 780 2980 807 3045; x_wconf 77' lang='grc' dir='ltr'><strong>δ’</strong></span> <span class='ocrx_word' id='word_1_133' title='bbox 831 2982 863 3045; x_wconf 79' lang='grc' dir='ltr'><strong>οὗ</strong></span> <span class='ocrx_word' id='word_1_134' title='bbox 886 2980 1056 3058; x_wconf 64' lang='grc' dir='ltr'><strong><em>κεκτήμεθα</em></strong></span> 
     </span>
     <span class='ocr_line' id='line_1_20' title="bbox 540 3091 1087 3173; baseline 0.002 -17"><span class='ocrx_word' id='word_1_135' title='bbox 540 3093 666 3170; x_wconf 84' lang='grc' dir='ltr'><strong><em>μίμησις</em></strong></span> <span class='ocrx_word' id='word_1_136' title='bbox 686 3091 741 3166; x_wconf 75' lang='grc' dir='ltr'><strong>ἤδη</strong></span> <span class='ocrx_word' id='word_1_137' title='bbox 764 3098 865 3158; x_wconf 75' lang='grc' dir='ltr'><strong><em>τοῦτον</em></strong></span> <span class='ocrx_word' id='word_1_138' title='bbox 886 3093 1087 3173; x_wconf 74' lang='grc' dir='ltr'><strong>συνθηρεύεται</strong></span> 
     </span>
     <span class='ocr_line' id='line_1_21' title="bbox 339 3205 1460 3292; baseline 0.004 -23"><span class='ocrx_word' id='word_1_139' title='bbox 339 3206 472 3270; x_wconf 80' lang='lat' dir='ltr'><strong>conferri</strong></span> <span class='ocrx_word' id='word_1_140' title='bbox 501 3213 604 3292; x_wconf 84' lang='lat' dir='ltr'><strong>potest</strong></span> <span class='ocrx_word' id='word_1_141' title='bbox 635 3207 672 3270; x_wconf 85' lang='lat' dir='ltr'><strong>fr.</strong></span> <span class='ocrx_word' id='word_1_142' title='bbox 696 3205 773 3271; x_wconf 81' lang='lat' dir='ltr'><strong>Eur.</strong></span> <span class='ocrx_word' id='word_1_143' title='bbox 803 3206 895 3271; x_wconf 83' lang='lat' dir='ltr'><strong>Aeoli</strong></span> <span class='ocrx_word' id='word_1_144' title='bbox 927 3209 980 3286; x_wconf 83' lang='lat'><strong>21,</strong></span> <span class='ocrx_word' id='word_1_145' title='bbox 1002 3205 1024 3272; x_wconf 87' lang='grc' dir='ltr'><strong>όι</strong></span> <span class='ocrx_word' id='word_1_146' title='bbox 1047 3207 1075 3272; x_wconf 74' lang='grc' dir='ltr'><strong>δ’</strong></span> <span class='ocrx_word' id='word_1_147' title='bbox 1098 3207 1124 3272; x_wconf 77' lang='grc' dir='ltr'><strong>σι’</strong></span> <span class='ocrx_word' id='word_1_148' title='bbox 1144 3213 1336 3280; x_wconf 72' lang='grc' dir='ltr'><strong><em>πλουτοῦντες</em></strong></span> <span class='ocrx_word' id='word_1_149' title='bbox 1358 3210 1389 3273; x_wconf 81' lang='grc' dir='ltr'><strong>οὗ</strong></span> <span class='ocrx_word' id='word_1_150' title='bbox 1411 3233 1460 3274; x_wconf 82' lang='grc' dir='ltr'><strong><em>ιιε·</em></strong></span> 
     </span>
     <span class='ocr_line' id='line_1_22' title="bbox 338 3317 1464 3405; baseline 0.004 -22"><span class='ocrx_word' id='word_1_151' title='bbox 338 3318 473 3397; x_wconf 72' lang='grc' dir='ltr'><strong><em>κινέμεθιι</em></strong></span> <span class='ocrx_word' id='word_1_152' title='bbox 493 3317 498 3404; x_wconf 79' lang='grc' dir='ltr'>Ι</span> <span class='ocrx_word' id='word_1_153' title='bbox 517 3328 608 3385; x_wconf 81' lang='grc' dir='ltr'><strong><em>τοῖσιν</em></strong></span> <span class='ocrx_word' id='word_1_154' title='bbox 627 3320 728 3393; x_wconf 88' lang='grc' dir='ltr'><strong><em>πένησι</em></strong></span> <span class='ocrx_word' id='word_1_155' title='bbox 751 3320 894 3400; x_wconf 83' lang='grc' dir='ltr'><strong><em>χρώμενοι</em></strong></span> <span class='ocrx_word' id='word_1_156' title='bbox 917 3321 1077 3400; x_wconf 74' lang='grc' dir='ltr'><strong><em>θηρόμεθιι,</em></strong></span> <span class='ocrx_word' id='word_1_157' title='bbox 1101 3321 1186 3405; x_wconf 82' lang='lat' dir='ltr'><strong>quod</strong></span> <span class='ocrx_word' id='word_1_158' title='bbox 1202 3328 1306 3386; x_wconf 59' lang='lat' dir='ltr'><strong>nmen</strong></span> <span class='ocrx_word' id='word_1_159' title='bbox 1325 3321 1464 3387; x_wconf 80' lang='lat' dir='ltr'><strong>recorde-</strong></span> 
     </span>
     <span class='ocr_line' id='line_1_23' title="bbox 338 3432 1462 3519; baseline 0.006 -25"><span class='ocrx_word' id='word_1_160' title='bbox 338 3439 407 3496; x_wconf 88' lang='lat' dir='ltr'><strong>tum</strong></span> <span class='ocrx_word' id='word_1_161' title='bbox 441 3456 506 3496; x_wconf 90' lang='lat' dir='ltr'><strong>esse</strong></span> <span class='ocrx_word' id='word_1_162' title='bbox 537 3432 776 3519; x_wconf 80' lang='lat' dir='ltr'><strong>Aristophanem</strong></span> <span class='ocrx_word' id='word_1_163' title='bbox 809 3455 881 3496; x_wconf 91' lang='lat' dir='ltr'><strong>cum</strong></span> <span class='ocrx_word' id='word_1_164' title='bbox 910 3432 987 3498; x_wconf 90' lang='lat' dir='ltr'><strong>haec</strong></span> <span class='ocrx_word' id='word_1_165' title='bbox 1015 3432 1165 3500; x_wconf 88' lang='lat' dir='ltr'><strong>scriberet</strong></span> <span class='ocrx_word' id='word_1_166' title='bbox 1193 3435 1242 3497; x_wconf 81' lang='lat' dir='ltr'><strong>vix</strong></span> <span class='ocrx_word' id='word_1_167' title='bbox 1267 3435 1367 3513; x_wconf 90' lang='lat' dir='ltr'><strong>credo,</strong></span> <span class='ocrx_word' id='word_1_168' title='bbox 1391 3458 1462 3501; x_wconf 89' lang='lat' dir='ltr'><strong>cum</strong></span> 
     </span>
     <span class='ocr_line' id='line_1_24' title="bbox 338 3547 1462 3635; baseline 0.004 -25"><span class='ocrx_word' id='word_1_169' title='bbox 338 3547 486 3625; x_wconf 77' lang='grc' dir='ltr'><strong><em>θηρόμεθοι</em></strong></span> <span class='ocrx_word' id='word_1_170' title='bbox 509 3570 525 3610; x_wconf 92' lang='lat' dir='ltr'><strong>e</strong></span> <span class='ocrx_word' id='word_1_171' title='bbox 547 3548 725 3611; x_wconf 87' lang='lat' dir='ltr'><strong>coniectura</strong></span> <span class='ocrx_word' id='word_1_172' title='bbox 748 3548 886 3633; x_wconf 90' lang='lat' dir='ltr'><strong>positum</strong></span> <span class='ocrx_word' id='word_1_173' title='bbox 909 3548 951 3611; x_wconf 88' lang='lat' dir='ltr'><strong>sit</strong></span> <span class='ocrx_word' id='word_1_174' title='bbox 974 3555 1007 3611; x_wconf 88' lang='lat' dir='ltr'><strong>et</strong></span> <span class='ocrx_word' id='word_1_175' title='bbox 1029 3570 1136 3612; x_wconf 84' lang='lat' dir='ltr'><strong>versus</strong></span> <span class='ocrx_word' id='word_1_176' title='bbox 1160 3547 1335 3633; x_wconf 87' lang='lat' dir='ltr'><strong>Agathonis</strong></span> <span class='ocrx_word' id='word_1_177' title='bbox 1357 3550 1462 3635; x_wconf 89' lang='lat' dir='ltr'><strong>potius</strong></span> 
     </span>
     <span class='ocr_line' id='line_1_25' title="bbox 337 3657 622 3724; baseline 0.011 -3"><span class='ocrx_word' id='word_1_178' title='bbox 337 3657 512 3724; x_wconf 80' lang='lat' dir='ltr'><strong>afferendus</strong></span> <span class='ocrx_word' id='word_1_179' title='bbox 533 3668 622 3724; x_wconf 64' lang='lat' dir='ltr'><strong>eset.</strong></span> 
     </span>
    </p>
   </div>
   <div class='ocr_carea' id='block_1_8' title="bbox 334 3877 1455 4196">
    <p class='ocr_par' dir='ltr' id='par_1_12' title="bbox 334 3877 1455 4196">
     <span class='ocr_line' id='line_1_26' title="bbox 334 3877 1293 3966; baseline 0.005 -21"><span class='ocrx_word' id='word_1_180' title='bbox 334 3882 389 3948; x_wconf 87' lang='lat' dir='ltr'><strong>Vs.</strong></span> <span class='ocrx_word' id='word_1_181' title='bbox 415 3877 496 3949; x_wconf 82' lang='grc'><strong>177.</strong></span> <span class='ocrx_word' id='word_1_182' title='bbox 532 3882 668 3961; x_wconf 61' lang='lat' dir='ltr'><strong>&#39;Ardone</strong></span> <span class='ocrx_word' id='word_1_183' title='bbox 692 3888 786 3964; x_wconf 73' lang='grc' dir='ltr'><strong><em>σοφοῦ</em></strong></span> <span class='ocrx_word' id='word_1_184' title='bbox 809 3883 878 3963; x_wconf 84' lang='grc' dir='ltr'><strong><em>πρός</em></strong></span> <span class='ocrx_word' id='word_1_185' title='bbox 900 3884 1002 3963; x_wconf 69' lang='grc' dir='ltr'><strong><em>ἀνδρὸς</em></strong></span> <span class='ocrx_word' id='word_1_186' title='bbox 1026 3882 1105 3956; x_wconf 86' lang='grc' dir='ltr'><strong><em>όσπις</em></strong></span> <span class='ocrx_word' id='word_1_187' title='bbox 1127 3885 1157 3948; x_wconf 90' lang='grc' dir='ltr'><strong>έν</strong></span> <span class='ocrx_word' id='word_1_188' title='bbox 1179 3885 1293 3966; x_wconf 63' lang='grc' dir='ltr'><strong><em>βραχεῖ</em></strong></span> 
     </span>
     <span class='ocr_line' id='line_1_27' title="bbox 537 3991 1248 4075; baseline 0.003 -14"><span class='ocrx_word' id='word_1_189' title='bbox 537 3996 663 4068; x_wconf 82' lang='grc' dir='ltr'><strong><em>πολλοὺς</em></strong></span> <span class='ocrx_word' id='word_1_190' title='bbox 684 4001 783 4068; x_wconf 61' lang='grc' dir='ltr'><strong><em>καλῶς</em></strong></span> <span class='ocrx_word' id='word_1_191' title='bbox 806 3991 860 4069; x_wconf 84' lang='grc' dir='ltr'><strong><em>οἷός</em></strong></span> <span class='ocrx_word' id='word_1_192' title='bbox 883 4020 917 4060; x_wconf 82' lang='grc' dir='ltr'><strong>τε</strong></span> <span class='ocrx_word' id='word_1_193' title='bbox 939 3996 1109 4074; x_wconf 81' lang='grc' dir='ltr'><strong><em>συντέμνειν</em></strong></span> <span class='ocrx_word' id='word_1_194' title='bbox 1134 3998 1248 4075; x_wconf 77' lang='grc' dir='ltr'><strong><em>λόγους.</em></strong></span> 
     </span>
     <span class='ocr_line' id='line_1_28' title="bbox 379 4107 1455 4196; baseline 0.006 -24"><span class='ocrx_word' id='word_1_195' title='bbox 379 4107 473 4174; x_wconf 84' lang='lat' dir='ltr'><strong>Tacet</strong></span> <span class='ocrx_word' id='word_1_196' title='bbox 495 4109 660 4175; x_wconf 78' lang='lat' dir='ltr'><strong>scholiasta</strong></span> <span class='ocrx_word' id='word_1_197' title='bbox 684 4110 738 4174; x_wconf 88' lang='lat' dir='ltr'><strong>sed</strong></span> <span class='ocrx_word' id='word_1_198' title='bbox 761 4110 897 4175; x_wconf 83' lang='lat' dir='ltr'><strong>servavit</strong></span> <span class='ocrx_word' id='word_1_199' title='bbox 919 4109 1024 4174; x_wconf 88' lang='lat' dir='ltr'><strong>locum</strong></span> <span class='ocrx_word' id='word_1_200' title='bbox 1043 4110 1206 4196; x_wconf 86' lang='lat' dir='ltr'><strong>Euripidis</strong></span> <span class='ocrx_word' id='word_1_201' title='bbox 1229 4110 1379 4177; x_wconf 85' lang='lat' dir='ltr'><strong>Stobaens</strong></span> <span class='ocrx_word' id='word_1_202' title='bbox 1403 4115 1455 4194; x_wconf 82' lang='lat'><strong>35,</strong></span> 
     </span>
    </p>
   </div>
   <div class='ocr_carea' id='block_1_9' title="bbox 335 4222 1457 4314">
    <p class='ocr_par' dir='ltr' id='par_1_13' title="bbox 335 4222 1457 4314">
     <span class='ocr_line' id='line_1_29' title="bbox 335 4222 1457 4314; baseline 0.004 -29"><span class='ocrx_word' id='word_1_203' title='bbox 335 4224 365 4302; x_wconf 80' lang='lat'><strong>3,</strong></span> <span class='ocrx_word' id='word_1_204' title='bbox 389 4222 426 4287; x_wconf 83' lang='lat' dir='ltr'><strong>fr.</strong></span> <span class='ocrx_word' id='word_1_205' title='bbox 451 4223 542 4289; x_wconf 91' lang='lat' dir='ltr'><strong>Aeoli</strong></span> <span class='ocrx_word' id='word_1_206' title='bbox 570 4227 621 4304; x_wconf 70' lang='lat'><strong>23,</strong></span> <span class='ocrx_word' id='word_1_207' title='bbox 646 4225 761 4296; x_wconf 75' lang='grc' dir='ltr'><strong><em>πιιῖδες,</em></strong></span> <span class='ocrx_word' id='word_1_208' title='bbox 781 4229 876 4304; x_wconf 69' lang='grc' dir='ltr'><strong><em>σοφοῦ</em></strong></span> <span class='ocrx_word' id='word_1_209' title='bbox 895 4225 964 4304; x_wconf 77' lang='grc' dir='ltr'><strong><em>πρός</em></strong></span> <span class='ocrx_word' id='word_1_210' title='bbox 981 4225 1082 4305; x_wconf 71' lang='grc' dir='ltr'><strong><em>ἀνδρὸς</em></strong></span> <span class='ocrx_word' id='word_1_211' title='bbox 1094 4223 1214 4296; x_wconf 72' lang='grc' dir='ltr'><strong><em>’όστιςέν</em></strong></span> <span class='ocrx_word' id='word_1_212' title='bbox 1226 4224 1363 4314; x_wconf 72' lang='grc' dir='ltr'><strong><em>βρπχεῖΙ</em></strong></span> <span class='ocrx_word' id='word_1_213' title='bbox 1383 4241 1457 4290; x_wconf 83' lang='grc' dir='ltr'><strong><em>πολ-</em></strong></span> 
     </span>
    </p>
   </div>
   <div class='ocr_carea' id='block_1_10' title="bbox 333 4332 1460 4649">
    <p class='ocr_par' dir='ltr' id='par_1_14' title="bbox 333 4332 1460 4649">
     <span class='ocr_line' id='line_1_30' title="bbox 336 4332 1459 4419; baseline 0.004 -20"><span class='ocrx_word' id='word_1_214' title='bbox 336 4335 404 4408; x_wconf 85' lang='grc' dir='ltr'><strong><em>λοὺς</em></strong></span> <span class='ocrx_word' id='word_1_215' title='bbox 427 4337 531 4415; x_wconf 70' lang='grc' dir='ltr'><strong><em>λόγους</em></strong></span> <span class='ocrx_word' id='word_1_216' title='bbox 553 4332 607 4406; x_wconf 85' lang='grc' dir='ltr'><strong><em>οἷός</em></strong></span> <span class='ocrx_word' id='word_1_217' title='bbox 629 4361 663 4401; x_wconf 82' lang='grc' dir='ltr'><strong>τε</strong></span> <span class='ocrx_word' id='word_1_218' title='bbox 686 4339 853 4416; x_wconf 76' lang='grc' dir='ltr'><strong><em>συντέμνειν</em></strong></span> <span class='ocrx_word' id='word_1_219' title='bbox 876 4341 986 4410; x_wconf 68' lang='grc' dir='ltr'><strong>καλῶς.</strong></span> <span class='ocrx_word' id='word_1_220' title='bbox 1012 4336 1093 4402; x_wconf 90' lang='lat' dir='ltr'><strong>Cum</strong></span> <span class='ocrx_word' id='word_1_221' title='bbox 1112 4360 1156 4402; x_wconf 84' lang='lat' dir='ltr'><strong>vs.</strong></span> <span class='ocrx_word' id='word_1_222' title='bbox 1172 4339 1321 4416; x_wconf 65' lang='lat'><strong>17922’732</strong></span> <span class='ocrx_word' id='word_1_223' title='bbox 1334 4339 1459 4419; x_wconf 68' lang='grc' dir='ltr'><strong><em>δὲιοτινῇ</em></strong></span> 
     </span>
     <span class='ocr_line' id='line_1_31' title="bbox 333 4443 1453 4537; baseline 0.005 -27"><span class='ocrx_word' id='word_1_224' title='bbox 333 4453 474 4530; x_wconf 68' lang='grc' dir='ltr'><strong><em>συμφορᾷ</em></strong></span> <span class='ocrx_word' id='word_1_225' title='bbox 490 4451 700 4528; x_wconf 72' lang='grc' dir='ltr'><strong><em>πεπληγμένος</em></strong></span> <span class='ocrx_word' id='word_1_226' title='bbox 719 4443 877 4515; x_wconf 75' lang='grc' dir='ltr'><strong>ἰνιυόθίιυ</strong></span> <span class='ocrx_word' id='word_1_227' title='bbox 896 4458 1157 4537; x_wconf 81' lang='lat' dir='ltr'><strong>comparaverunt</strong></span> <span class='ocrx_word' id='word_1_228' title='bbox 1168 4452 1227 4514; x_wconf 86' lang='lat' dir='ltr'><strong>viri</strong></span> <span class='ocrx_word' id='word_1_229' title='bbox 1238 4451 1321 4515; x_wconf 89' lang='lat' dir='ltr'><strong>docti</strong></span> <span class='ocrx_word' id='word_1_230' title='bbox 1334 4450 1453 4516; x_wconf 87' lang='lat' dir='ltr'><strong>Alcest.</strong></span> 
     </span>
     <span class='ocr_line' id='line_1_32' title="bbox 335 4563 1460 4649; baseline 0.005 -24"><span class='ocrx_word' id='word_1_231' title='bbox 335 4563 417 4625; x_wconf 79' lang='lat'><strong>856:</strong></span> <span class='ocrx_word' id='word_1_232' title='bbox 436 4611 458 4642; x_wconf 91' lang='lat'><em>„</em></span> <span class='ocrx_word' id='word_1_233' title='bbox 467 4563 570 4645; x_wconf 78' lang='grc' dir='ltr'><strong><em>ιιπόπερ</em></strong></span> <span class='ocrx_word' id='word_1_234' title='bbox 586 4565 692 4649; x_wconf 73' lang='grc' dir='ltr'><strong><em>βιρείρ</em></strong></span> <span class='ocrx_word' id='word_1_235' title='bbox 703 4571 844 4648; x_wconf 74' lang='grc' dir='ltr'><strong><em>συμφορᾷ</em></strong></span> <span class='ocrx_word' id='word_1_236' title='bbox 857 4564 1100 4644; x_wconf 73' lang='grc' dir='ltr'><strong><em>πεπληγμένος,”</em></strong></span> <span class='ocrx_word' id='word_1_237' title='bbox 1113 4565 1151 4629; x_wconf 82' lang='lat' dir='ltr'><strong>el.</strong></span> <span class='ocrx_word' id='word_1_238' title='bbox 1163 4564 1206 4630; x_wconf 90' lang='lat' dir='ltr'><strong>ib.</strong></span> <span class='ocrx_word' id='word_1_239' title='bbox 1218 4588 1262 4629; x_wconf 81' lang='lat' dir='ltr'><strong>vs.</strong></span> <span class='ocrx_word' id='word_1_240' title='bbox 1275 4567 1351 4629; x_wconf 78' lang='lat'><strong>405.</strong></span> <span class='ocrx_word' id='word_1_241' title='bbox 1359 4564 1460 4631; x_wconf 80' lang='lat' dir='ltr'><strong>Recte</strong></span> 
     </span>
    </p>
   </div>
   <div class='ocr_carea' id='block_1_11' title="bbox 0 0 1806 5484">
    <p class='ocr_par' dir='ltr' id='par_1_15' title="bbox 0 0 1806 5484">
     <span class='ocr_line' id='line_1_33' title="bbox 0 0 1806 5484; baseline 0 0"><span class='ocrx_word' id='word_1_242' title='bbox 0 0 1806 5484; x_wconf 95' lang='lat' dir='ltr'><strong> </strong></span> 
     </span>
    </p>
   </div>
  </div>
 </body>
</html>
