3592 5484
373 635 414 697 66
852 650 983 695 vassu.

394 818 497 884 Schol.
528 818 569 882 ad
601 820 707 882 1482:
741 817 918 900 ἑρχώμενος
948 818 962 881 ι’
990 815 1081 898 γέρων
1111 816 1322 897 spasmum.
1347 814 1485 882 Videtur

351 931 409 996 hoc
432 932 590 996 canticum
615 939 707 996 cento
732 953 797 995 csse
820 952 968 995 versuum
991 931 1183 1015 tragicorum
1205 930 1396 995 intermixtis
1419 952 1482 995 rer·

350 1044 437 1110 sibus
458 1046 557 1132 ipsius
581 1044 816 1131 Aristophanis.

398 1159 448 1224 nd
474 1162 578 1224 11901
599 1162 735 1233 Πτήσσει
750 1158 903 1240 Φρύνιχος·
917 1158 1059 1240 παροιμία
1070 1157 1189 1222 ἐπὶτῶν
1200 1158 1290 1222 κακὸν
1303 1182 1331 1222 τι
1344 1159 1483 1240 πασχόν-

352 1296 408 1336 111
429 1274 490 1338 ἀπὸ
515 1274 660 1355 Φρυνίχου
682 1277 734 1338 τοῦ
756 1276 905 1352 τραγικοῦ.
931 1271 1129 1356 Quamquam
1153 1295 1189 1336 ea
1211 1294 1292 1357 quse
1315 1272 1483 1359 subiungit

350 1386 534 1452 scholiasta:
559 1387 776 1468 ὑποκρινόμενον
798 1386 857 1467 γὰρ
879 1385 970 1451 αὑτδν
993 1387 1045 1457 τὴν
1069 1387 1204 1460 Μιλήτου
1223 1383 1482 1463 ἅλυσινοὶἊθή·
1561 1453 1563 1456 ,

351 1508 424 1566 scier
458 1501 657 1582 δακρύσαντες
692 1497 838 1578 ἐξέβαλον
873 1500 1024 1565 δεδοικότα
1052 1499 1104 1564 καὶ
1137 1500 1365 1574 ὑποπτήσσοντα
1390 1501 1483 1566 nihili

350 1623 434 1695 sunt,
466 1638 537 1680 vere
568 1622 673 1679 tamen
697 1613 778 1678 sidit
802 1612 1015 1698 Phrynichum
1041 1614 1195 1698 tragicum
1217 1615 1294 1699 peti,
1320 1622 1357 1679 ut
1380 1623 1483 1680 osten·

351 1728 399 1793 dit
429 1729 552 1794 collatis
581 1752 641 1793 uss.
674 1729 760 1793 1178
790 1750 857 1812 sqq.
882 1726 1094 1805 Halhertsma,
1118 1725 1245 1813 Prosop.
1270 1729 1368 1793 Arist.
1391 1750 1422 1814 p.
1449 1730 1480 1792 8.

350 1842 489 1907 Eandem
512 1842 677 1929 amplexus
700 1842 891 1906 sententiam
915 1840 1029 1906 Nauck
1052 1842 1118 1927 ipsa
1141 1839 1311 1926 Phrynichi
1329 1841 1423 1907 verba
1439 1840 1481 1907 ah

350 1958 405 2021 Ar.
439 1957 587 2022 traducta
616 1981 682 2022 esse
712 1956 896 2022 arbitratur.
930 1956 984 2021 Vs.
1019 1959 1104 2020 1196
1134 1959 1324 2031 πτήσσει-
1347 1958 1480 2040 ἀλέκτωρ

350 2072 509 2156 parodiam
537 2085 604 2136 esse
628 2073 744 2136 statuit
765 2094 873 2135 versus
895 2095 913 2135 1
936 2069 1109 2135 Plutarcho
1130 2071 1197 2135 sine
1220 2080 1329 2156 poetae
1352 2072 1481 2137 nomino

350 2179 448 2266 allati,
472 2189 578 2250 Amat.
604 2210 631 2252 c.
658 2190 710 2250 18.
736 2209 765 2272 p.
794 2188 856 2249 762
881 2186 907 2250 F
916 2214 923 2249 :
948 2183 1054 2261 ἔπτηξ’
1077 2187 1206 2266 οὶλὲκπωρ
1228 2188 1329 2252 δοῦλον
1353 2186 1391 2260 ὣς
1412 2189 1477 2253 xtd-

350 2324 403 2371 νας
425 2300 536 2380 πτερόν,
560 2323 655 2384 qnem
678 2299 858 2384 Phrynicho
882 2299 1007 2379 tribuit,
1031 2299 1067 2364 11.
1091 2298 1166 2364 Phr.
1189 2301 1248 2364 inc.
1275 2303 1326 2380 16,
1348 2323 1379 2387 p.
1401 2303 1477 2365 561.

350 2411 398 2475 De
421 2436 466 2477 vs.
493 2416 578 2477 1192
601 2414 646 2477 sic
669 2414 791 2498 pergit:
814 2413 933 2490 „Sicut
956 2411 1056 2476 verbis
1078 2415 1203 2486 πτήσσει
1225 2413 1357 2493 οὶλέκτωρ
1379 2413 1479 2500 Phry·

349 2526 463 2604 „nichi
492 2549 600 2592 versus
627 2526 761 2604 ridetur,
793 2528 837 2590 ita
867 2549 949 2610 qnae
978 2533 1155 2610 sequuntur
1177 2549 1240 2591 non
1263 2525 1376 2592 dubito
1398 2529 1478 2612 quin

348 2638 486 2719 „eodem
510 2664 527 2704 e
546 2649 641 2726 poeta
660 2641 795 2727 repetita
811 2641 885 2704 siut.
905 2639 1012 2726 Comp.
1030 2639 1120 2726 Vesp.
1134 2643 1220 2704 1524
1231 2640 1333 2720 παχὺν
1344 2641 1480 2706 ποδα-

348 2803 368 2832 „
378 2757 488 2820 6111κί.
522 2756 606 2821 11111
637 2757 779 2842 suspicor
801 2756 916 2820 dixisse
939 2754 1172 2840 Phrynichum:
1196 2755 1297 2834 παχὺν
1319 2755 1403 2820 πόδα
1424 2780 1477 2820 κυ-

347 2869 549 2948 ,,κλοσοβήσω
571 2868 576 2958 l
595 2870 700 2943 σκέλος
730 2870 855 2951 οὐράνιόν
885 2870 917 2947 γ’
944 2868 1133 2949 ε’κλακτιζων.
1158 2868 1261 2933 Etiam
1286 2869 1476 2955 Eupolidem

347 2982 473 3068 ,‚(('om.
507 2987 526 3046 2
550 3006 581 3070 p.
609 2985 684 3067 569)
707 2984 810 3048 risisse
834 2981 1067 3068 Phrynicheum
1091 2980 1382 3064 1111111κλακτῖζειν
1405 3006 1475 3070 pro

345 3094 476 3174 „babile
498 3105 555 3178 est,
580 3097 619 3162 11.
645 3096 748 3161 Schol.
774 3097 829 3160 Ar.
853 3095 946 3181 Vesp.
973 3098 1058 3160 1492
1082 3103 1115 3161 11
1139 3095 1256 3160 1524.”

392 3210 441 3296 (In
468 3212 518 3276 his
540 3212 668 3277 scholiis
691 3212 774 3276 nihil
798 3210 886 3276 aliud
908 3211 1027 3297 legitur
1049 3234 1143 3296 quam
1166 3213 1216 3276 xus*
1238 3213 1307 3292 παρ’
1332 3213 1475 3279 Εὐπόλιδι

343 3326 526 3406 ἐκλακτιζειν
552 3335 585 3390 11
606 3326 659 3391 καὶ
683 3329 734 3392 οὐκ
756 3326 858 3399 ἄλλως
882 3328 956 3391 αὐτὸ
980 3327 1109 3400 Εὔπολις
1131 3322 1241 3413 εἶπεν.)

324 3488 328 3495 -
388 3438 477 3520 Quae
513 3440 653 3506 Nauckii
686 3441 866 3506 coniectura
896 3463 975 3505 num
1005 3464 1077 3505 vera
1105 3441 1148 3505 sit
1179 3440 1300 3506 dubito.
1332 3440 1477 3507 Versus

340 3551 426 3616 Plut.
460 3554 568 3633 allato,
592 3552 699 3630 ἔπτηξ’
723 3556 775 3619 κτὲ
799 3577 900 3619 sermo
924 3563 971 3618 est
993 3554 1032 3619 de
1055 3555 1179 3619 homine
1203 3576 1296 3639 quem
1320 3557 1401 3621 vires
1424 3556 1476 3621 de

339 3666 451 3731 ficiunt
473 3674 505 3731 et
529 3669 585 3752 qui
606 3691 669 3733 non
693 3669 817 3734 diutius
837 3670 963 3734 resistit.
985 3670 1045 3734 Sed
1065 3693 1101 3733 ea
1119 3669 1385 3734 sententiaaloco
1397 3668 1474 3735 Ves-

335 3791 446 3865 parur'n
472 3790 536 3845 tam
559 3782 663 3846 aliena
685 3791 734 3847 est
759 3789 798 3847 ut
819 3783 1039 3868 Aristophanis
1062 3784 1169 3849 animo
1190 3805 1256 3846 eam
1277 3782 1470 3848 obversatam

338 3917 405 3960 esse
426 3896 556 3961 minime
582 3897 752 3962 verisimile
775 3898 826 3961 sit.
848 3882 974 3962 ¹Deinde
992 3921 1056 3963 non
1076 3896 1169 3962 rerba
1187 3895 1356 3982 Phrynichi
1372 3899 1476 3964 risisse

332 4008 387 4074 Ar.
413 4009 473 4074 sed
496 4011 674 4076 saltationis
689 4011 833 4092 schema,
857 4035 921 4077 non
946 4010 1075 4076 verbnm
1098 4012 1283 4092 ε’κλιικπιζειν
1302 4011 1357 4076 sed
1369 4012 1475 4099 ipsum

332 4123 529 4204 ἐκλακτιζειν,
554 4133 688 4210 apparet
712 4148 730 4189 e
752 4148 796 4190 vs
826 4128 923 4189 1524.

379 4235 425 4300 Ut
450 4260 492 4302 vs.
521 4241 610 4303 1490
635 4239 811 4325 expediam,
835 4239 930 4304 aliam
953 4239 1031 4303 mihi
1049 4238 1144 4304 liceat
1162 4261 1335 4326 proponere
1353 4241 1475 4307 coniec-

331 4357 455 4415 turam.

376 4460 576 4549 Phrynichus
603 4465 782 4532 saltationis
811 4466 1041 4552 peritissimus,
1072 4465 1150 4532 Ath.
1183 4466 1201 4532 I
1229 4491 1257 4533 c.
1281 4469 1334 4548 89,
1357 4491 1390 4555 p.
1414 4471 1472 4548 22,
