3592 5484
339 618 390 681 ’90
563 587 568 594 ’
816 636 960 696 equinus.

324 805 456 882 insulas,
489 827 568 890 quas
600 806 666 891 ipse
697 806 809 869 mentis
838 807 927 890 quasi
958 805 1058 869 oculis
1087 805 1231 890 adspicit.
1255 783 1452 890 spectatores

323 926 499 982 monstrans
520 919 741 1003 Agoracritum
765 927 872 1004 rogat:
930 936 946 989 ,’

504 1034 568 1095 163
591 1032 648 1104 τὰς
670 1033 782 1112 στίχας
803 1033 870 1114 ὁρᾷς
892 1031 948 1104 πρὶς
971 1033 1062 1097 τῶνδε
1085 1036 1143 1096 τῶν
1167 1035 1264 1106 λαῶνε

323 1153 356 1208 et
379 1144 565 1230 pollicetur:

568 1259 677 1324 τούτων
699 1257 839 1324 ἀπάντων
861 1260 953 1332 αὐτὸς
975 1258 1112 1340 ἀρχέλας
1135 1257 1201 1323 ἔπει

367 1373 416 1438 ne
438 1374 560 1455 usuris,
584 1374 824 1440 Atheniensium
848 1375 939 1440 sociis
962 1375 1091 1453 scinco,
1116 1374 1206 1439 aaut
1227 1355 1380 1439 nesae
1400 1380 1452 1441 σοι
1546 1444 1550 1449 ,

272 1479 274 1483 ⁴
321 1494 424 1553 ταῦτα
447 1489 550 1553 πάντα
572 1488 721 1570 πέρναται.

367 1602 453 1668 Haec
480 1604 586 1667 omnia
618 1603 848 1670 festivissimam
879 1627 945 1668 esse
975 1601 1244 1690 paratragoediam
1271 1624 1364 1668 nemo
1386 1626 1449 1668 non

321 1716 401 1780 vidit
429 1739 532 1801 neque
561 1717 600 1781 de
628 1717 761 1803 singulis
794 1717 905 1796 verbis,
935 1740 1016 1802 quae
1046 1739 1104 1804 pro
1127 1715 1288 1781 comoedia
1309 1717 1452 1802 graviora

321 1830 396 1910 sint,
425 1831 576 1895 disserere
606 1853 686 1917 opus
708 1840 764 1896 eet.
788 1831 878 1897 Kook
901 1832 947 1896 ad-
963 1855 1006 1896 vs.
1032 1834 1095 1896 159
1118 1830 1213 1910 „Der
1235 1853 1305 1896 vers
1328 1829 1451 1896 seheint

321 1993 342 2021 ,‚
351 1944 453 2008 ciuem
481 1946 619 2010 anderen
642 1945 773 2010 Dichter
796 1955 996 2011 entnommen
1020 1968 1060 2010 zu
1083 1948 1159 2011 sein.
1184 1945 1289 2011 Dahcr
1313 1947 1356 2010 ist
1378 1945 1451 2011 viel-

322 2057 448 2134 „leicht
471 2059 529 2123 mit
552 2058 656 2144 Bergk
680 2058 833 2134 ’Λὲιηνέων
858 2062 902 2144 (in
923 2060 1076 2145 Symiaese,
1097 2060 1149 2125 die
1169 2059 1256 2124 HSS.
1270 2058 1449 2143 Ἀθηναὰνν)

322 2195 389 2249 „zu
413 2172 531 2238 lcsen.”

319 2395 373 2461 Vs.
402 2390 481 2463 197.
504 2400 577 2463 ἀλλ’
602 2398 710 2464 ὃπὸπαν
733 2400 838 2481 pedm
862 2400 923 2464 απὲ.
949 2399 1083 2465 Parodiu
1104 2400 1303 2465 oraculorum
1322 2399 1447 2466 Bacidis

319 2510 526 2597 aliorumque,
549 2535 630 2597 quae
651 2521 730 2578 tnnc
751 2513 900 2600 temporis
922 2512 1222 2578 circumferebantur
1245 2521 1279 2578 et
1296 2536 1316 2578 a
1335 2514 1447 2578 multis

319 2625 425 2710 magni
448 2624 654 2692 habebantur.
678 2625 725 2691 cf.
749 2628 809 2691 Av.
834 2630 897 2692 967
921 2648 988 2711 sqq.
1012 2624 1086 2691 Pac
1112 2629 1198 2692 1069
1221 2648 1288 2711 sqq.

318 2847 373 2914 Vs.
398 2845 480 2914 214.
527 2851 657 2932 πνὲραππε
678 2850 730 2916 καὶ
753 2852 866 2933 χόρδευ’
890 2853 964 2931 ὁμοῦ
987 2853 1028 2918 τὰ
1049 2852 1231 2935 πράγματα.

363 2963 465 3030 Schol.
495 2963 649 3047 Παρῳδίας
679 2969 792 3047 τρόπον·
818 2966 971 3048 παρῷδνπε
1000 2967 1058 3049 γὰρ
1087 2968 1137 3032 τὸν
1162 2965 1276 3045 ἴαμβον
1298 2965 1332 3042 ἕξ
1353 2968 1444 3049 Ἡρα·

317 3081 436 3145 κλειδῶν
454 3081 612 3160 Εὐριπίδου
631 3081 652 3144 i.
672 3104 711 3157 e.,
728 3082 811 3146 sicut
829 3080 931 3146 Sohol.
951 3081 1010 3166 11].
1030 3083 1106 3161 221,
1120 3083 1207 3146 1099
1219 3107 1227 3145 t
1240 3081 1328 3146 hunc
1338 3079 1445 3147 iambi·

316 3216 390 3259 cum
420 3216 544 3259 vernum
575 3195 752 3282 composuit
773 3218 896 3261 versum
920 3196 1158 3261 Heraclidarnm
1182 3196 1319 3260 imitans.
1342 3198 1389 3260 nt
1410 3196 1444 3260 in

253 3388 258 3396 ,
316 3308 376 3372 hoc
398 3308 561 3394 Euripidis
584 3308 724 3374 dramate
746 3309 827 3375 nihil
848 3310 949 3375 simile
967 3311 1140 3375 invenitur.
1161 3308 1242 3374 (trum
1260 3333 1325 3375 non
1344 3332 1444 3396 pauca

315 3421 428 3502 desint,
453 3432 492 3488 ut
514 3424 653 3489 ostendit
675 3424 841 3490 Kirchhoff
860 3425 894 3489 in
913 3432 1020 3489 annot.
1040 3424 1081 3491 ad
1098 3447 1144 3490 vs.
1167 3426 1241 3503 630,
1262 3424 1443 3489 resincerta

315 3545 373 3616 est,
393 3537 447 3602 sed
466 3559 527 3601 non
548 3537 638 3602 video
656 3541 728 3624 quis
747 3541 780 3603 in
799 3539 858 3603 hoc
876 3539 1025 3624 dumetis
1042 3548 1132 3625 parte
1143 3537 1245 3603 verbis
1257 3537 1443 3619 τάραττε-

314 3650 488 3730 πράγριαπα
505 3651 554 3715 uti
572 3652 711 3737 potuerit
723 3674 825 3737 noque
836 3653 940 3718 versui
952 3654 1094 3738 tragicus
1105 3658 1155 3717 cst
1165 3651 1260 3718 color.
1274 3652 1441 3732 Ταράπειν

211 3811 218 3822 .
314 3763 452 3828 occurrit
478 3764 607 3848 quidem
636 3765 669 3829 iu
699 3772 778 3851 trag.
808 3773 845 3830 nt
874 3766 951 3831 Eur.
979 3765 1074 3832 Herc.
1099 3766 1161 3831 fur.
1187 3769 1250 3830 606
1274 3763 1329 3830 sed
1352 3786 1371 3828 a
1394 3787 1442 3830 eo

313 3877 436 3942 moedis
457 3878 589 3943 minime
612 3878 749 3943 alienum
773 3888 830 3958 est,
855 3880 892 3943 of.
917 3879 976 3964 11].
1000 3882 1075 3960 867,
1101 3881 1177 3943 902.
1201 3877 1276 3963 Lys.
1303 3879 1400 3942 1232.

359 3990 501 4056 Mentem
524 3990 624 4056 subiit
645 3992 738 4057 verba
760 3993 908 4075 παρῳδίας
930 3993 1033 4073 τρόπον
1055 3991 1219 4058 referenda
1243 4014 1309 4057 esse
1332 3991 1372 4056 ad
1395 4013 1438 4055 vs.

314 4106 378 4169 210
409 4103 444 4169 αἵ
469 4130 502 4169 κε
533 4105 577 4184 μὶ]
607 4104 742 4186 θαλφθῇ
764 4106 862 4184 λόγοις
887 4107 982 4190 itique
1003 4108 1156 4188 ἰιρινιᾰνιιιι
1176 4128 1238 4170 cese
1258 4102 1439 4184 θελχθῖι,

190 4226 198 4242 “
312 4238 384 4281 nam
408 4218 468 4282 etsi
492 4217 526 4283 in
548 4217 648 4282 lexico
671 4218 806 4304 Hesych.
825 4219 942 4304 legitur
959 4218 1075 4298 θέλγει·
1093 4219 1213 4300 ἀπατᾷ,
1233 4216 1441 4290 &mannul-

311 4330 379 4395 lum
409 4353 542 4416 usquam
572 4332 678 4398 inveni
706 4333 809 4398 locum
839 4332 895 4397 ubi
915 4331 1046 4398 θάλπειν
1068 4333 1217 4397 numdi
1240 4330 1440 4415 significatio

309 4465 383 4511 uem
404 4443 528 4511 hebeat
551 4446 610 4510 Itst
630 4449 806 4535 calefacere,
828 4446 891 4512 imo
913 4449 1075 4527 incendere,
1098 4468 1173 4510 cum
1197 4453 1309 4510 contra
1327 4444 1438 4524 λόγοισι
