3592 5484
776 607 1008 655 aculeatam.

378 776 500 842 Thesm.
525 779 587 843 471
612 776 691 852 ὅμως
713 779 771 844 δ’ἐν
793 779 955 853 ἀλλήλαισι
977 780 1034 860 χρὴ
1058 779 1153 844 δοῦναι
1179 778 1275 856 λόγον,

611 892 704 958 aurel
726 893 784 975 γάρ
808 895 897 972 ἐσμεν
920 895 1054 973 κούδεμί’
1077 893 1189 976 ἐκφορὰ
1208 894 1307 971 λέγει).

424 1005 503 1072 Ach.
530 1008 591 1071 501
616 1008 675 1087 ἐγὼ
697 1008 728 1073 δὲ
751 1005 826 1084 λέξω
850 1009 928 1074 δειναὶ
952 1010 1007 1088 μὲν
1031 1009 1129 1074 tieem
1152 1008 1192 1073 δέ.

527 1124 590 1186 504
613 1122 699 1188 edroi
722 1123 780 1205 γάρ
803 1125 893 1202 ἐσμεν
904 1172 1000 1187 .....

609 1237 706 1302 κοῦπω
729 1234 801 1312 ξένοι
823 1236 995 1319 πάρεισιν..
1011 1286 1040 1302 ..

525 1352 585 1416 507
609 1350 682 1416 ἀλλ’
710 1353 800 1428 ἐσμὲν
823 1351 909 1416 eieci

335 1464 436 1549 Rogat
460 1473 609 1551 uterque:
632 1489 671 1531 an
696 1489 830 1552 aequum
854 1475 901 1532 est
924 1489 980 1532 nos
1003 1467 1036 1531 in
1062 1467 1205 1532 inimicos
1227 1465 1356 1531 invehi?

331 1627 333 1631 -
379 1578 502 1644 Thesm.
527 1583 590 1646 473
614 1581 645 1646 cl
665 1583 751 1647 ταῦτ’
775 1581 897 1662 ἔχουσαι
921 1583 1019 1647 ’κεῖνον
1042 1580 1226 1660 circuires&

423 1694 502 1760 Ach.
529 1698 591 1760 514
613 1697 644 1760 τί
664 1702 765 1762 ταῦτα
787 1698 853 1770 τοὺς
879 1696 1024 1770 Λάκωνας
1047 1695 1232 1774 αἱτιώμεθας

379 1809 529 1895 Sequitur
558 1812 751 1876 enumeratio
782 1811 971 1897 flagitiorum
1004 1811 1036 1876 in
1064 1810 1180 1897 quibus
1203 1817 1366 1875 versantur
1389 1831 1455 1875 mu·

334 1926 436 2004 lieres,
456 1925 579 1992 Thesm.
598 1929 784 2009 stc-516,
804 1935 836 1993 et
855 1927 1027 1992 facinorum
1047 1949 1127 2011 quae
1143 1933 1347 2012 patraverunt
1359 1925 1454 1989 Athe·

334 2043 467 2120 nienses,
503 2041 582 2107 Ach.
617 2045 809 2121 ala-cum
842 2043 933 2108 finem
966 2042 1041 2106 facit
1070 2041 1226 2107 sententia
1257 2064 1273 2104 e
1302 2038 1455 2126 Telepho:

334 2155 425 2222 Nihil
448 2155 601 2242 estquod
624 2178 802 2242 queramur,
823 2157 894 2242 jure
917 2155 1093 2243 plectimur,
1117 2155 1239 2220 Thesm.
1267 2157 1453 2233 cla-519,

334 2272 413 2338 Ach.
441 2276 624 2338 555-556.
648 2272 687 2339 In
708 2273 817 2338 multis
839 2274 936 2359 igitur
957 2273 1032 2339 haec
1051 2272 1240 2359 conspirant.
1259 2270 1364 2336 Aliam
1385 2293 1456 2336 can·

333 2411 398 2452 sam
428 2364 499 2473 agit*
523 2386 729 2474 Dicaeopolis,
753 2387 844 2453 aliam
870 2386 1092 2467 Mnesilochus,
1117 2387 1170 2452 s'ed
1194 2387 1362 2471 utriusque
1385 2408 1451 2451 ora·

335 2502 430 2567 tionis
453 2502 535 2567 idem
559 2509 607 2567 est
629 2502 762 2568 schema.

378 2615 468 2697 Quae
499 2624 604 2682 autem
635 2616 731 2682 huius
762 2639 928 2682 consensus
956 2639 1047 2682 causa
1070 2614 1153 2681 fuit?
1174 2615 1276 2681 Maior
1298 2616 1382 2681 enim
1406 2624 1453 2682 est

334 2753 427 2817 quam
451 2752 531 2816 quae
555 2732 638 2796 casui
663 2731 760 2796 tribui
782 2732 889 2818 possit.

377 2845 577 2911 Alterutrum
601 2852 777 2912 statuamus
796 2869 920 2912 necesse
942 2855 1006 2912 est:
1029 2855 1084 2912 cut
1107 2845 1242 2933 pendere
1266 2845 1453 2911 Mnesilochi

334 2961 507 3027 orationem
540 2960 579 3025 ab
610 2962 750 3027 oratioue
777 2961 1019 3049 Dicaeopolidis,
1047 2970 1103 3026 aut
1132 2959 1258 3026 fluxisse
1288 2967 1455 3046 utramque

333 3099 350 3140 e
367 3075 525 3140 communi
544 3075 639 3140 fonte.
660 3074 804 3156 Quarum
823 3073 1007 3163 opinionum
1028 3075 1104 3140 haec
1115 3074 1193 3139 mihi
1205 3075 1307 3139 verior
1318 3074 1452 3140 videtur.

378 3187 509 3254 Minime
538 3212 618 3276 nego
645 3196 768 3277 poetam
792 3189 825 3255 in
849 3190 939 3255 initio
963 3188 1087 3254 Thesm.
1110 3212 1143 3254 se
1166 3188 1268 3275 ipsum
1292 3189 1452 3254 imitatum

333 3327 414 3382 esse3
451 3303 533 3369 inter
566 3303 723 3390 colloquia
757 3304 840 3369 euim
871 3302 1032 3390 Euripidis
1061 3308 1093 3367 et
1123 3300 1299 3388 Agathonis
1329 3301 1452 3367 Thesm.

335 3420 499 3497 att-265,
527 3416 757 3504 Dicaeopolidis
779 3426 811 3484 et
834 3418 998 3505 Euripidis
1022 3417 1099 3482 Ach.
1125 3417 1299 3482 aes-479
1324 3417 1455 3482 interce‘·
1504 3506 1506 3512 Ι

332 3532 382 3598 dit
403 3531 587 3597 similitudo.
613 3530 747 3597 Videtur
770 3532 846 3598 haec
864 3555 955 3597 scena
975 3531 1216 3596 Atheniensium
1237 3531 1384 3618 plausum
1405 3537 1454 3594 tu-

331 3647 406 3712 lisse
437 3652 469 3712 et
499 3646 558 3733 ipsi
588 3653 697 3732 poetam
727 3647 772 3711 ita
795 3646 950 3733 placuisse
973 3653 1011 3711 ut
1032 3647 1130 3711 nsum
1153 3666 1300 3711 renovare
1322 3666 1385 3709 non
1410 3667 1454 3710 as·

332 3768 528 3848 pernaretur.
558 3763 602 3825 At
631 3761 708 3847 quid
731 3763 884 3848 estquod
908 3763 941 3826 in
966 3764 1098 3827 oratione
1121 3782 1214 3845 quam
1239 3759 1453 3826 Mnesilochus

333 3874 455 3954 hebuit,
490 3873 668 3940 imitaretur
702 3875 794 3940 verba
829 3874 1068 3962 Dicaeopolidis,
1104 3874 1180 3959 quin
1215 3875 1308 3939 etiam
1343 3872 1453 3938 iisdem

332 3989 446 4076 passim
477 3995 619 4053 uteretur
648 3988 770 4054 verbis?
801 3989 846 4055 Iis
868 3992 962 4070 eninr,
986 4012 1066 4076 qnae
1088 3990 1254 4074 utriusque
1277 3988 1453 4054 communia

331 4111 407 4170 suut
430 4126 492 4169 non
515 4103 681 4189 singularis
699 4105 779 4169 inest
799 4106 846 4170 vis
865 4106 993 4170 comica.
1018 4105 1123 4169 Omnia
1143 4112 1246 4168 contra
1257 4105 1357 4186 ρῐαηα
1366 4105 1454 4188 fiunt

331 4221 359 4285 ei
388 4220 516 4285 conicere
544 4221 614 4284 licet
641 4242 703 4297 nou
721 4243 776 4284 aaa
801 4222 894 4303 ipsius
918 4223 1002 4286 cerda
1026 4221 1174 4284 imitatem
1197 4241 1258 4282 cccc
1281 4219 1453 4300 Aristopho-

332 4356 396 4400 nem
422 4337 475 4399 ced
504 4334 667 4418 Euripidis,
697 4342 727 4399 et
757 4336 788 4399 ia
811 4337 948 4415 omuibus,
973 4357 1043 4420 quos
1065 4336 1124 4398 iam
1146 4334 1311 4411 citavimus,
1334 4333 1454 4397 delites·

329 4473 392 4515 cere
413 4450 583 4530 concionem,
607 4474 695 4536 quam
719 4450 858 4534 Telephus
881 4451 1039 4515 dolituras
1058 4448 1263 4532 yloriabalar:
