3592 5484
853 711 969 756 aaran.
1322 782 1324 786 Ι
1384 701 1446 761 149

343 875 511 957 πλεονάζειν
541 879 581 958 τῷ
612 875 696 958 βάρει
726 883 783 942 τῶν
812 880 969 960 προσώπων
992 881 1173 961 κωμῳδεῑτιιι
1196 883 1265 963 παρ’
1289 884 1470 965 ’Λριστοφά-

344 1014 416 1063 νους.
449 991 478 1054 έν
510 992 565 1069 μέν
596 990 653 1072 γάρ
683 1001 720 1072 τῇ
751 992 849 1074 Νιὸβρ
880 993 978 1072 Νιέβν
1010 993 1063 1068 ἕως
1085 996 1177 1076 τρίτου
1202 996 1304 1077 μέρους
1327 999 1468 1073 ἕπικοιέν-

343 1103 416 1182 μένν
429 1153 525 1168 .....
557 1106 636 1170 οὐδὲν
667 1106 836 1187 oodwerci
865 1109 925 1172 κτὲ.
959 1109 1043 1174 Addi
1073 1117 1175 1195 potest
1197 1111 1304 1176 drama
1326 1113 1410 1198 Mysi
1434 1114 1468 1178 in

344 1239 407 1303 quo
436 1217 555 1299 ἄφωνος
586 1219 731 1305 prodibat
760 1221 929 1308 Telephus,
955 1222 993 1288 ei.
1019 1222 1142 1288 Nauck.
1167 1225 1203 1288 h.
1229 1225 1309 1311 Mys.
1334 1226 1373 1291 In
1396 1225 1470 1293 Pro
1550 1220 1552 1226 ’

343 1330 469 1395 metheo
499 1354 562 1397 non
594 1334 681 1418 prius
704 1336 846 1421 loquitur
869 1334 1076 1402 Prometheus
1099 1360 1192 1422 quam
1215 1339 1414 1426 Hephaestus
1438 1350 1469 1407 et

343 1446 454 1514 cretos
476 1448 621 1515 abierint.
646 1449 693 1515 De
714 1450 847 1516 Hecuba
867 1453 900 1517 in
919 1451 1093 1518 Troadibus
1111 1453 1187 1518 Eur.
1206 1456 1244 1520 ci.
1257 1455 1408 1542 Epimetr.
1421 1457 1467 1522 H.

344 1673 397 1739 Vs.
421 1667 502 1738 838.
538 1673 637 1754 ἔχοντ’
662 1674 808 1755 ἀχάλινον
830 1678 958 1757 ἀκρατὲς
982 1677 1122 1760 ἀθυρωτον
1145 1680 1254 1758 στόμω.

386 1787 433 1852 Ex
455 1787 532 1852 Eur.
556 1789 593 1852 fr.
618 1792 682 1854 495
706 1790 832 1870 ἀχάλιν’
856 1790 958 1871 έχουσι
982 1793 1130 1871 στέμωτω.
1156 1793 1267 1858 Bacch.
1293 1796 1357 1859 386
1380 1797 1465 1876 ἀχω-

341 1904 423 1968 λένων
446 1904 612 1983 στομάτων,
638 1906 692 1970 Οτ.
719 1909 783 1970 903
807 1907 878 1988 ἀνήρ
901 1932 946 1980 τις
970 1907 1196 1990 ἀθυρόγλωσσος.
1220 1908 1312 1975 Ribb.

341 2130 394 2196 Vs.
419 2122 500 2193 840.
537 2128 653 2209 ἀλνθες,
677 2126 698 2194 ὦ
718 2138 782 2195 ποιῖ
801 2141 855 2206 τῆς
878 2132 1029 2213 ἀρουριιίοις
1054 2133 1132 2210 teon

385 2245 485 2310 Schol.
510 2245 591 2326 ποορά
613 2245 654 2309 τά
677 2245 832 2325 Εὐριπίδου

541 2357 658 2438 ἄληθες,
682 2356 704 2424 ἀ
727 2367 786 2424 ποιῖ
804 2368 858 2434 τῆς
881 2362 1047 2434 θοολωσσίιις
1072 2363 1150 2438 tom

386 2475 436 2539 Fr.
470 2477 544 2539 878.
569 2473 700 2559 Propter
725 2497 783 2538 vss.
808 2477 883 2554 855,
909 2477 973 2538 864
997 2474 1133 2562 Telepho
1155 2477 1240 2542 hunc
1265 2501 1387 2542 versum
1412 2480 1466 2542 tri·

339 2589 409 2653 buit
439 2587 615 2673 Musgrave.
644 2595 724 2661 Ποιῖς
755 2590 779 2652 θ.
811 2591 833 2652 θ.
867 2597 915 2653 est
938 2589 1085 2654 Achilles.
1110 2591 1159 2656 uf.
1183 2591 1222 2654 ad
1245 2590 1338 2677 Vesp.
1367 2595 1463 2656 1518.

337 2704 385 2768 De
411 2702 590 2783 πτωχοποιὲ,
614 2725 658 2768 vs.
684 2706 760 2784 842,
785 2704 822 2769 cf.
848 2703 928 2768 Ach.
954 2707 1030 2767 412.

336 2929 390 2993 Vs.
416 2921 497 2992 844.
533 2927 584 2992 uui
609 2929 652 3007 μὴ
675 2929 745 3009 πρὸς
768 2929 853 3010 ὀργὴν
876 2930 1048 3009 σπλάγχνιι
1068 2931 1207 3010 θερμήνῃς
1225 2931 1309 3011 κάτω.

382 3041 549 3128 Dionysus,
575 3043 631 3127 qui
654 3043 715 3106 iam
741 3046 805 3107 835
830 3043 1014 3129 Euripidem
1038 3043 1138 3108 verbis
1161 3041 1182 3108 d
1205 3045 1330 3122 δαιμόνι’
1354 3046 1464 3126 ἀνδρῶν

336 3155 493 3222 allocutus
526 3163 602 3236 erat,
640 3156 691 3220 hic
721 3178 848 3241 quoque
879 3158 1001 3243 poetice
1033 3158 1183 3242 loquitur.
1215 3157 1290 3222 Eur.
1322 3157 1372 3222 El.
1396 3161 1461 3222 402

334 3275 417 3353 χοιρᾷ
448 3270 679 3351 θερμιιινέμεσθοι
709 3271 839 3351 expetas.
874 3274 926 3335 An
950 3271 1076 3357 parodia
1098 3247 1140 3335 sit
1161 3272 1326 3336 nescimus.
1352 3272 1460 3336 Koch:

334 3382 428 3463 „Der
452 3407 520 3449 vers
543 3385 665 3449 scheint
688 3386 759 3450 eine
783 3384 915 3450 Parodie
938 3408 977 3449 au
1002 3387 1068 3449 sein
1092 3408 1151 3450 von
1175 3386 1251 3450 Eur.
1275 3386 1362 3471 Cyol.
1383 3390 1459 3465 4243
1491 3379 1509 3407 ”

333 3499 392 3576 ἐγὼ
423 3499 449 3563 δ’
481 3498 635 3578 ἐπεγχέων
655 3497 660 3588 Ι
680 3497 778 3572 ἀλλην
807 3500 855 3563 ἐπ’
886 3498 966 3579 ἀλλρ
999 3499 1157 3579 σπλάγχν’
1186 3499 1347 3580 έθέρμοοινον
1371 3504 1483 3582 ποτῷ.Ι

334 3613 395 3678 Oui
419 3613 584 3677 assentirer
607 3613 633 3677 si
653 3612 823 3698 Euripides
843 3618 927 3694 κότῳ,
950 3613 1175 3699 Aristophanes
1187 3616 1264 3695 ποτῷ
1277 3615 1458 3700 scripsisset.

334 3837 388 3904 Vs.
414 3830 495 3901 849.
532 3833 553 3901 ἀ
577 3837 721 3917 Κρντιιιάς
745 3834 800 3914 μὲν
823 3836 974 3914 συλλέγων
998 3837 1151 3916 μονῳδίως,

533 3950 651 4029 γάμους
674 3951 700 4015 δ’
720 3951 850 4023 ἀνοσίους
873 3950 1001 4031 ἐσφέρων
1025 3951 1064 4023 εἰς
1087 3951 1140 4023 τὴν
1163 3950 1302 4030 rixans!

377 4065 516 4133 Creticae
546 4062 708 4129 monodias
739 4064 945 4144 ὑπορχήματα
973 4085 1037 4127 esse
1059 4086 1140 4147 quae
1161 4063 1199 4128 ah
1223 4064 1298 4150 ipsis
1320 4064 1461 4128 saltanti·

331 4177 391 4243 bus
422 4183 617 4254 canerentur,
649 4178 795 4261 exposuit
819 4176 960 4241 Eritsche
983 4200 1010 4241 a.
1035 4176 1066 4240 h.
1091 4176 1112 4241 l.
1138 4176 1233 4254 Γάμοι
1255 4178 1359 4241 ἀνόσιοι
1384 4185 1460 4240 sunt

331 4316 361 4357 v.
392 4315 419 4356 c.
448 4290 585 4355 Macarei
610 4297 641 4354 et
666 4289 802 4355 Canaces
824 4291 858 4354 in
881 4290 991 4354 Aeolo.
1015 4289 1104 4354 Idem
1127 4289 1269 4374 Euripidi
1294 4289 1371 4353 vitio
1395 4313 1460 4354 ver-

331 4407 372 4471 tit
401 4409 456 4470 Ar.
488 4428 532 4470 vs.
567 4407 661 4484 1081,
684 4403 772 4468 Nnb.
801 4407 896 4470 1371.
920 4405 1082 4469 Incestum
1107 4403 1242 4468 Macarei
1265 4409 1298 4468 et
1316 4404 1457 4470 Canaces

331 4521 437 4604 tangit
458 4519 553 4584 etiam
575 4518 783 4604 Antiphanes,
807 4518 904 4583 Mein.
929 4517 984 4583 III
1006 4540 1037 4604 p.
1064 4518 1092 4582 7.
