3592 5484
791 705 1027 752 aemuuausas.
1406 690 1448 752 25

396 875 470 940 887.
617 873 723 951 δμῶες,
747 873 830 958 quod
853 874 886 938 in
912 876 966 939 Ar.
990 896 1054 940 non
1075 874 1138 938 nisi
1162 874 1241 939 Aah.
1266 877 1350 940 1174
1369 897 1473 941 oecur-

308 988 403 1084 Ινὴ,
427 987 461 1052 in
484 986 726 1073 paratragoedia.
1358 1002 1360 1013 '

397 1104 471 1168 891.
495 1101 664 1184 προσείπατ’
688 1102 791 1177 αὐτὴν,
816 1097 837 1166 ὦ
859 1102 950 1168 τέκν’.
1029 1177 1032 1182 .

398 1215 566 1301 Loquendi
588 1237 686 1301 genus
704 1218 868 1302 tragicum,
887 1238 951 1281 non
969 1217 1107 1302 aliquem
1126 1225 1206 1302 trag.
1218 1217 1321 1282 locum
1333 1217 1474 1283 imitatus

349 1355 414 1397 esse
446 1332 587 1411 videtum
618 1354 661 1396 vs.
694 1334 757 1396 893
788 1331 889 1397 verbis
918 1331 996 1396 Eur.
1030 1331 1100 1396 Ale.
1133 1334 1196 1398 367
1223 1332 1335 1411 utitur,
1358 1311 1474 1417 quibua

350 1444 505 1510 Admetus
528 1444 706 1510 fidissimam
729 1467 856 1511 uxorem
878 1446 1069 1531 alloquitur:

837 1560 914 1639 μηδὲ
937 1559 994 1641 γαρ
1015 1558 1116 1626 θανών
1139 1583 1211 1626 τοτε

573 1676 625 1737 σοῦ
647 1669 740 1752 χωρίς
762 1670 820 1746 είην
843 1680 897 1747 τῆς
920 1671 1012 1755 μίννς
1035 1682 1143 1748 πιστῆς
1164 1673 1239 1753 ἐμοί

349 1783 491 1872 pulchris
530 1786 668 1870 prolecto
705 1785 759 1851 aed
796 1786 831 1850 in
868 1786 938 1851 Ale.
975 1786 1102 1873 ineptis,
1134 1788 1251 1874 quippe
1279 1786 1425 1874 profectis
1455 1810 1473 1851 a

226 1928 230 1935 ·
350 1898 416 1962 viro
446 1898 502 1983 qui
526 1898 662 1983 prudeus
684 1898 854 1984 volensque
878 1922 1007 1965 uxorem
1031 1900 1125 1966 morti
1147 1899 1245 1965 obicit
1267 1908 1305 1965 ut
1326 1898 1385 1964 eibi
1408 1921 1474 1985 par·

352 2017 452 2077 catum
490 2013 535 2076 At
570 2012 625 2076 Ar.
656 2034 718 2076 uou
749 2019 786 2076 ut
816 2012 1025 2099 reprehendat
1053 2015 1179 2096 ταρῳδεῖ
1209 2013 1262 2079 sed
1294 2021 1331 2077 ut
1354 2013 1473 2078 animos

349 2125 531 2192 auditorum
555 2126 697 2192 delectet.

255 2334 257 2338 Ι
351 2351 406 2418 Vs.
432 2345 513 2416 965.
539 2353 552 2417 ὂ
576 2352 671 2426 δεινὸς,
697 2352 711 2415 ί
734 2352 913 2434 ταλαύρινος,
936 2351 966 2424 ὃς
990 2352 1043 2424 τὴν
1067 2353 1194 2434 Γοργόνα

535 2465 654 2538 τοίλλεν,
676 2466 836 2547 κραδαίνων
859 2472 935 2547 τρεῖς
959 2466 1138 2539 κατασκίους
1162 2467 1281 2548 λαίφους.

302 2641 306 2649 .
396 2578 500 2645 Verba
531 2604 572 2661 τρ.
598 2604 665 2644 κατ.
690 2578 752 2663 λίφ
777 2581 870 2645 etiam
894 2579 1006 2645 Aeseh.
1031 2578 1117 2666 Sept.
1144 2583 1209 2645 384
1232 2581 1393 2665 leguntur,
1418 2580 1472 2645 ubi

350 2694 477 2780 Tydeus
507 2692 623 2758 dieitur
653 2701 730 2774 τρεῖς
761 2695 939 2767 κατασκίους
962 2693 1073 2777 λίφους
1095 2695 1188 2769 σείειν,
1213 2715 1345 2779 quorum
1369 2693 1473 2758 memi-

349 2810 432 2873 nisse
455 2809 580 2873 videtur
602 2809 668 2885 Ar„
693 2807 748 2873 hos
770 2830 876 2874 versus
900 2833 916 2873 e
938 2809 1066 2894 tragicis
1088 2787 1120 2873 el
1143 2809 1237 2895 epicis
1259 2807 1472 2873 locutionibus

350 2944 513 2987 eonsuena.
542 2919 687 2986 Ceterum
710 2930 786 3004 τρεῖς
809 2923 919 3006 λόφους
942 2921 1022 3003 ἔχειν
1046 2924 1079 2989 iu
1102 2922 1299 3009 proverbium
1324 2921 1411 3002 abiit,
1436 2930 1472 2987 ul·

350 3043 480 3124 apparet
505 3035 577 3102 Pae.
602 3039 698 3118 1173,
724 3039 782 3101 Αν.
807 3039 859 3101 94.

350 3249 405 3317 Vs.
433 3241 524 3315 1071
559 3271 624 3334 sqq.
648 3248 868 3334 Dicaeopolide
899 3249 1007 3334 epulas
1035 3256 1165 3335 parante
1196 3249 1333 3314 accurrit
1362 3271 1471 3335 praeeo

350 3365 542 3430 exclamans:
1459 3379 1463 3388 ·

587 3478 617 3542 ίὼ
640 3477 718 3542 τόνον
742 3501 775 3542 τε
797 3476 850 3541 καί
875 3476 979 3557 μοίχαν
1002 3476 1054 3542 καί
1077 3476 1238 3556 Λοίριαχον,

349 3590 465 3678 quibus
488 3591 654 3678 respondet
674 3589 862 3655 Lamachus:
1077 3580 1082 3585 ’

561 3706 605 3779 τίς
626 3704 714 3786 ἀμφί
737 3706 966 3786 χαλκοφάλαρα
989 3706 1119 3783 δώματα
1142 3712 1265 3779 κτυτεῖς

348 3822 455 3908 gravia
484 3817 587 3900 verba,
617 3817 732 3904 quibua
763 3820 945 3905 gravitatem
976 3826 1008 3882 et
1037 3818 1300 3903 magnificentiam
1323 3816 1471 3882 Lamachi

348 3933 486 3999 ludibrio
507 3931 603 3997 habet
625 3938 726 4018 poeta.
751 3932 800 3996 Ad
823 3954 867 3997 vs.
893 3934 978 3996 1072
1003 3931 1159 3997 Mueller:
1183 3933 1279 4011 „sine
1297 3930 1394 3996 dubio
1412 3938 1472 3995 tra-

293 4073 294 4076 *
348 4048 411 4133 gici
436 4047 609 4126 cuiusdam,
630 4046 759 4111 fortasse
782 4045 974 4132 Euripidia”
998 4045 1089 4110 Idem
1112 4044 1339 4111 observandum
1362 4052 1409 4110 est
1432 4044 1471 4110 de

348 4185 392 4226 vs.
419 4163 525 4239 10783

494 4272 502 4283 ’
615 4275 645 4339 iu
668 4272 828 4355 στρατηγοί
851 4273 980 4345 πλείονες
1003 4273 1020 4348 ἢ
1046 4272 1203 4351 βελτίονες,

348 4410 443 4474 quem
477 4386 608 4472 Bentley
635 4387 708 4472 (vid.
739 4385 832 4451 Ribb.
864 4411 891 4450 a.
923 4386 954 4451 h.
984 4386 1018 4470 l.)
1042 4410 1059 4450 e
1082 4384 1221 4470 Telepho
1244 4394 1383 4449 sumtum
1406 4410 1470 4451 esse

349 4502 525 4587 auspicatur
549 4499 668 4573 πλέονες
689 4500 813 4586 legens;
837 4507 869 4565 et
892 4500 931 4565 de
952 4523 996 4564 vs.
1025 4502 1127 4564 1124:
