<?xml version="1.0" encoding="UTF-8"?>
<!DOCTYPE html PUBLIC "-//W3C//DTD XHTML 1.0 Transitional//EN"
    "http://www.w3.org/TR/xhtml1/DTD/xhtml1-transitional.dtd">
<html xmlns="http://www.w3.org/1999/xhtml" xml:lang="en" lang="en">
 <head>
  <title>
</title>
<meta http-equiv="Content-Type" content="text/html;charset=utf-8" />
  <meta name='ocr-system' content='tesseract 3.04.00' />
  <meta name='ocr-capabilities' content='ocr_page ocr_carea ocr_par ocr_line ocrx_word'/>
</head>
<body>
  <div class='ocr_page' id='page_1' title='image "./deparodiaincomo01bakhgoog_0025.png"; bbox 0 0 3592 5484; ppageno 0'>
   <div class='ocr_carea' id='block_1_1' title="bbox 310 681 971 744">
    <p class='ocr_par' dir='ltr' id='par_1_1' title="bbox 310 681 971 744">
     <span class='ocr_line' id='line_1_1' title="bbox 310 681 971 744; baseline -0.002 -2"><span class='ocrx_word' id='word_1_1' title='bbox 310 681 350 744; x_wconf 89' lang='lat'>10</span> <span class='ocrx_word' id='word_1_2' title='bbox 733 697 971 741; x_wconf 68' lang='lat' dir='ltr'>scanienses.</span> 
     </span>
    </p>
   </div>
   <div class='ocr_carea' id='block_1_2' title="bbox 291 855 1267 949">
    <p class='ocr_par' dir='ltr' id='par_1_2' title="bbox 291 855 1267 949">
     <span class='ocr_line' id='line_1_2' title="bbox 291 855 1267 949; baseline 0.004 -25"><span class='ocrx_word' id='word_1_3' title='bbox 291 863 340 928; x_wconf 86' lang='lat' dir='ltr'>Vs.</span> <span class='ocrx_word' id='word_1_4' title='bbox 361 855 432 925; x_wconf 89' lang='grc'>396</span> <span class='ocrx_word' id='word_1_5' title='bbox 446 887 512 949; x_wconf 81' lang='lat' dir='ltr'>sqq.</span> <span class='ocrx_word' id='word_1_6' title='bbox 538 874 573 929; x_wconf 78' lang='lat' dir='ltr'>K</span> <span class='ocrx_word' id='word_1_7' title='bbox 599 867 650 930; x_wconf 83' lang='grc' dir='ltr'>ούκ</span> <span class='ocrx_word' id='word_1_8' title='bbox 674 863 752 930; x_wconf 94' lang='grc' dir='ltr'><strong><em>ἔνδον</em></strong></span> <span class='ocrx_word' id='word_1_9' title='bbox 774 865 852 930; x_wconf 88' lang='grc' dir='ltr'><strong><em>ἔνδον</em></strong></span> <span class='ocrx_word' id='word_1_10' title='bbox 876 864 966 937; x_wconf 78' lang='grc' dir='ltr'>ἐστὶν,</span> <span class='ocrx_word' id='word_1_11' title='bbox 991 866 1014 929; x_wconf 83' lang='grc' dir='ltr'>εί</span> <span class='ocrx_word' id='word_1_12' title='bbox 1036 867 1158 943; x_wconf 79' lang='grc' dir='ltr'><strong><em>γνώμην</em></strong></span> <span class='ocrx_word' id='word_1_13' title='bbox 1179 864 1267 945; x_wconf 78' lang='grc' dir='ltr'><strong><em>ἔχεις.</em></strong></span> 
     </span>
    </p>
   </div>
   <div class='ocr_carea' id='block_1_3' title="bbox 532 974 1383 1403">
    <p class='ocr_par' dir='ltr' id='par_1_3' title="bbox 532 974 1383 1403">
     <span class='ocr_line' id='line_1_3' title="bbox 532 974 1383 1059; baseline -0.002 -16"><span class='ocrx_word' id='word_1_14' title='bbox 532 991 569 1043; x_wconf 89' lang='grc' dir='ltr'>Δ.</span> <span class='ocrx_word' id='word_1_15' title='bbox 596 985 658 1052; x_wconf 78' lang='grc' dir='ltr'>πῶς</span> <span class='ocrx_word' id='word_1_16' title='bbox 681 979 768 1052; x_wconf 88' lang='grc' dir='ltr'><strong><em>ἔνδον,</em></strong></span> <span class='ocrx_word' id='word_1_17' title='bbox 793 974 845 1043; x_wconf 81' lang='grc' dir='ltr'>εἶτ’</span> <span class='ocrx_word' id='word_1_18' title='bbox 869 981 922 1044; x_wconf 86' lang='grc' dir='ltr'>ούκ</span> <span class='ocrx_word' id='word_1_19' title='bbox 945 979 1039 1054; x_wconf 86' lang='grc' dir='ltr'><strong><em>ἔνδον;</em></strong></span> <span class='ocrx_word' id='word_1_20' title='bbox 1065 989 1098 1043; x_wconf 86' lang='lat' dir='ltr'>K.</span> <span class='ocrx_word' id='word_1_21' title='bbox 1123 977 1222 1059; x_wconf 66' lang='grc' dir='ltr'>ὀρθῶς,</span> <span class='ocrx_word' id='word_1_22' title='bbox 1247 974 1267 1041; x_wconf 71' lang='grc' dir='ltr'><strong><em>ὦ</em></strong></span> <span class='ocrx_word' id='word_1_23' title='bbox 1291 977 1383 1058; x_wconf 83' lang='grc' dir='ltr'><strong><em>γέρον.</em></strong></span> 
     </span>
     <span class='ocr_line' id='line_1_4' title="bbox 598 1090 1187 1171; baseline -0.002 -14"><span class='ocrx_word' id='word_1_24' title='bbox 598 1094 611 1157; x_wconf 82' lang='grc' dir='ltr'><strong><em>ί</em></strong></span> <span class='ocrx_word' id='word_1_25' title='bbox 635 1099 703 1165; x_wconf 82' lang='grc' dir='ltr'><strong><em>νοῦς</em></strong></span> <span class='ocrx_word' id='word_1_26' title='bbox 728 1091 784 1171; x_wconf 69' lang='grc' dir='ltr'>μὲν</span> <span class='ocrx_word' id='word_1_27' title='bbox 807 1090 862 1167; x_wconf 76' lang='grc' dir='ltr'><strong><em>ἔξω</em></strong></span> <span class='ocrx_word' id='word_1_28' title='bbox 885 1090 1036 1170; x_wconf 67' lang='grc' dir='ltr'><strong><em>ξυλλέγων</em></strong></span> <span class='ocrx_word' id='word_1_29' title='bbox 1057 1093 1187 1156; x_wconf 75' lang='grc' dir='ltr'>ἐπύλλιον</span> 
     </span>
     <span class='ocr_line' id='line_1_5' title="bbox 601 1206 1310 1284; baseline -0.003 -12"><span class='ocrx_word' id='word_1_30' title='bbox 601 1210 653 1272; x_wconf 81' lang='grc' dir='ltr'>οὐκ</span> <span class='ocrx_word' id='word_1_31' title='bbox 677 1206 765 1281; x_wconf 87' lang='grc' dir='ltr'><strong><em>ἔνδον,</em></strong></span> <span class='ocrx_word' id='word_1_32' title='bbox 789 1209 877 1279; x_wconf 77' lang='grc' dir='ltr'><strong><em>αὐτὸς</em></strong></span> <span class='ocrx_word' id='word_1_33' title='bbox 901 1207 928 1272; x_wconf 85' lang='grc' dir='ltr'>δ’</span> <span class='ocrx_word' id='word_1_34' title='bbox 953 1207 1030 1271; x_wconf 84' lang='grc' dir='ltr'><strong><em>ἔνδον</em></strong></span> <span class='ocrx_word' id='word_1_35' title='bbox 1052 1206 1212 1284; x_wconf 75' lang='grc' dir='ltr'><strong><em>οὶνιιβύδην</em></strong></span> <span class='ocrx_word' id='word_1_36' title='bbox 1233 1215 1310 1271; x_wconf 79' lang='grc' dir='ltr'><strong><em>ποιεί</em></strong></span> 
     </span>
     <span class='ocr_line' id='line_1_6' title="bbox 599 1323 773 1403; baseline 0.006 -17"><span class='ocrx_word' id='word_1_37' title='bbox 599 1323 773 1403; x_wconf 79' lang='grc' dir='ltr'><strong><em>τραγῳδίαν.</em></strong></span> 
     </span>
    </p>
   </div>
   <div class='ocr_carea' id='block_1_4' title="bbox 331 1430 1515 1510">
    <p class='ocr_par' dir='ltr' id='par_1_4' title="bbox 331 1430 1515 1510">
     <span class='ocr_line' id='line_1_7' title="bbox 331 1430 1515 1510; baseline 0.003 -13"><span class='ocrx_word' id='word_1_38' title='bbox 331 1434 386 1498; x_wconf 85' lang='lat' dir='ltr'>Vs.</span> <span class='ocrx_word' id='word_1_39' title='bbox 419 1439 483 1499; x_wconf 83' lang='grc'>396</span> <span class='ocrx_word' id='word_1_40' title='bbox 515 1435 591 1500; x_wconf 87' lang='lat' dir='ltr'>Cob.</span> <span class='ocrx_word' id='word_1_41' title='bbox 623 1438 674 1501; x_wconf 87' lang='grc' dir='ltr'>ούκ</span> <span class='ocrx_word' id='word_1_42' title='bbox 704 1437 783 1501; x_wconf 85' lang='grc' dir='ltr'><strong><em>ἔνδον</em></strong></span> <span class='ocrx_word' id='word_1_43' title='bbox 813 1436 851 1500; x_wconf 72' lang='grc' dir='ltr'>ὢν</span> <span class='ocrx_word' id='word_1_44' title='bbox 874 1436 927 1500; x_wconf 76' lang='grc' dir='ltr'><strong><em>ἔστ</em></strong></span> <span class='ocrx_word' id='word_1_45' title='bbox 948 1435 1043 1510; x_wconf 82' lang='grc' dir='ltr'><strong><em>ἔνδον;</em></strong></span> <span class='ocrx_word' id='word_1_46' title='bbox 1068 1435 1167 1501; x_wconf 85' lang='lat' dir='ltr'>Mein.</span> <span class='ocrx_word' id='word_1_47' title='bbox 1191 1435 1269 1501; x_wconf 93' lang='grc' dir='ltr'><strong><em>ἔνδον</em></strong></span> <span class='ocrx_word' id='word_1_48' title='bbox 1291 1461 1324 1500; x_wconf 84' lang='grc' dir='ltr'>τε</span> <span class='ocrx_word' id='word_1_49' title='bbox 1346 1439 1418 1503; x_wconf 88' lang='grc' dir='ltr'><strong><em>ιιούκ</em></strong></span> <span class='ocrx_word' id='word_1_50' title='bbox 1513 1430 1515 1434; x_wconf 33' lang='lat'><strong><em>⁴</em></strong></span> 
     </span>
    </p>
   </div>
   <div class='ocr_carea' id='block_1_5' title="bbox 286 1547 1439 4575">
    <p class='ocr_par' dir='ltr' id='par_1_5' title="bbox 287 1547 958 1615">
     <span class='ocr_line' id='line_1_8' title="bbox 287 1547 958 1615; baseline 0.003 -3"><span class='ocrx_word' id='word_1_51' title='bbox 287 1547 347 1612; x_wconf 73' lang='grc' dir='ltr'><strong><em>ἔντ’</em></strong></span> <span class='ocrx_word' id='word_1_52' title='bbox 372 1549 449 1614; x_wconf 92' lang='grc' dir='ltr'><strong><em>ἔνδον</em></strong></span> <span class='ocrx_word' id='word_1_53' title='bbox 472 1551 521 1614; x_wconf 83' lang='lat' dir='ltr'>vel</span> <span class='ocrx_word' id='word_1_54' title='bbox 544 1553 595 1615; x_wconf 87' lang='grc' dir='ltr'>ούκ</span> <span class='ocrx_word' id='word_1_55' title='bbox 619 1551 698 1615; x_wconf 88' lang='grc' dir='ltr'><strong><em>ἔνδον</em></strong></span> <span class='ocrx_word' id='word_1_56' title='bbox 721 1550 799 1615; x_wconf 88' lang='grc' dir='ltr'><strong><em>ἔνδον</em></strong></span> <span class='ocrx_word' id='word_1_57' title='bbox 820 1552 848 1614; x_wconf 81' lang='grc' dir='ltr'>π’</span> <span class='ocrx_word' id='word_1_58' title='bbox 872 1552 958 1614; x_wconf 75' lang='grc' dir='ltr'><strong><em>ἐστίν.</em></strong></span> 
     </span>
    </p>

    <p class='ocr_par' dir='ltr' id='par_1_6' title="bbox 286 1663 1439 4234">
     <span class='ocr_line' id='line_1_9' title="bbox 332 1663 1416 1751; baseline 0.002 -24"><span class='ocrx_word' id='word_1_59' title='bbox 332 1663 459 1748; x_wconf 80' lang='lat' dir='ltr'><strong>Duplex</strong></span> <span class='ocrx_word' id='word_1_60' title='bbox 489 1664 574 1728; x_wconf 83' lang='lat' dir='ltr'>hisee</span> <span class='ocrx_word' id='word_1_61' title='bbox 605 1666 688 1728; x_wconf 71' lang='lat' dir='ltr'>inest</span> <span class='ocrx_word' id='word_1_62' title='bbox 717 1664 853 1750; x_wconf 88' lang='lat' dir='ltr'>parodia.</span> <span class='ocrx_word' id='word_1_63' title='bbox 886 1664 933 1728; x_wconf 91' lang='lat' dir='ltr'>De</span> <span class='ocrx_word' id='word_1_64' title='bbox 964 1666 1061 1728; x_wconf 86' lang='lat' dir='ltr'>altera</span> <span class='ocrx_word' id='word_1_65' title='bbox 1084 1665 1154 1728; x_wconf 71' lang='lat' dir='ltr'>ride</span> <span class='ocrx_word' id='word_1_66' title='bbox 1178 1665 1216 1730; x_wconf 89' lang='lat' dir='ltr'>ad</span> <span class='ocrx_word' id='word_1_67' title='bbox 1240 1665 1416 1751; x_wconf 84' lang='lat' dir='ltr'>proximum</span> 
     </span>
     <span class='ocr_line' id='line_1_10' title="bbox 286 1769 1417 1859; baseline 0.002 -18"><span class='ocrx_word' id='word_1_68' title='bbox 286 1801 420 1843; x_wconf 77' lang='lat' dir='ltr'>versum.</span> <span class='ocrx_word' id='word_1_69' title='bbox 446 1777 549 1842; x_wconf 81' lang='lat' dir='ltr'>schol.</span> <span class='ocrx_word' id='word_1_70' title='bbox 574 1779 704 1842; x_wconf 78' lang='grc' dir='ltr'><strong><em>σκώπτει</em></strong></span> <span class='ocrx_word' id='word_1_71' title='bbox 727 1778 819 1842; x_wconf 76' lang='grc' dir='ltr'><strong><em>ποίλιν</em></strong></span> <span class='ocrx_word' id='word_1_72' title='bbox 840 1781 889 1844; x_wconf 83' lang='grc' dir='ltr'>τὸν</span> <span class='ocrx_word' id='word_1_73' title='bbox 909 1780 1066 1859; x_wconf 74' lang='grc' dir='ltr'><strong><em>Εὐριπίδην</em></strong></span> <span class='ocrx_word' id='word_1_74' title='bbox 1087 1779 1136 1843; x_wconf 75' lang='grc' dir='ltr'>δια</span> <span class='ocrx_word' id='word_1_75' title='bbox 1153 1769 1186 1844; x_wconf 71' lang='grc' dir='ltr'>νδ</span> <span class='ocrx_word' id='word_1_76' title='bbox 1205 1781 1308 1851; x_wconf 73' lang='grc' dir='ltr'><strong><em>ἔνι-οῖς</em></strong></span> <span class='ocrx_word' id='word_1_77' title='bbox 1319 1779 1417 1857; x_wconf 81' lang='grc' dir='ltr'><strong><em>λύγοις</em></strong></span> 
     </span>
     <span class='ocr_line' id='line_1_11' title="bbox 288 1885 1415 1974; baseline 0.002 -20"><span class='ocrx_word' id='word_1_78' title='bbox 288 1885 358 1954; x_wconf 81' lang='grc' dir='ltr'><strong><em>εἶναι</em></strong></span> <span class='ocrx_word' id='word_1_79' title='bbox 370 1893 603 1969; x_wconf 60' lang='grc' dir='ltr'><strong><em>συλλογιστικὸν,</em></strong></span> <span class='ocrx_word' id='word_1_80' title='bbox 617 1891 671 1956; x_wconf 78' lang='grc' dir='ltr'>καί</span> <span class='ocrx_word' id='word_1_81' title='bbox 682 1887 715 1956; x_wconf 86' lang='grc' dir='ltr'>ού</span> <span class='ocrx_word' id='word_1_82' title='bbox 726 1892 763 1954; x_wconf 86' lang='grc' dir='ltr'><strong><em>ιέν</em></strong></span> <span class='ocrx_word' id='word_1_83' title='bbox 775 1891 851 1970; x_wconf 80' lang='grc' dir='ltr'><strong><em>λέγη</em></strong></span> <span class='ocrx_word' id='word_1_84' title='bbox 863 1893 896 1956; x_wconf 83' lang='grc' dir='ltr'>τὸ</span> <span class='ocrx_word' id='word_1_85' title='bbox 909 1893 1035 1956; x_wconf 82' lang='grc' dir='ltr'><strong><em>ἐναντίον</em></strong></span> <span class='ocrx_word' id='word_1_86' title='bbox 1042 1894 1133 1956; x_wconf 73' lang='grc' dir='ltr'><strong><em>πάλιν</em></strong></span> <span class='ocrx_word' id='word_1_87' title='bbox 1141 1892 1415 1974; x_wconf 41' lang='lat' dir='ltr'>ratmundum.</span> 
     </span>
     <span class='ocr_line' id='line_1_12' title="bbox 290 2004 1420 2095; baseline 0.003 -26"><span class='ocrx_word' id='word_1_88' title='bbox 290 2004 419 2069; x_wconf 76' lang='lat' dir='ltr'><strong>Confert</strong></span> <span class='ocrx_word' id='word_1_89' title='bbox 443 2005 617 2069; x_wconf 81' lang='lat' dir='ltr'>Scholastia</span> <span class='ocrx_word' id='word_1_90' title='bbox 640 2007 839 2070; x_wconf 87' lang='lat' dir='ltr'>notissimum</span> <span class='ocrx_word' id='word_1_91' title='bbox 861 2007 1068 2090; x_wconf 86' lang='lat' dir='ltr'>eumdemque</span> <span class='ocrx_word' id='word_1_92' title='bbox 1088 2009 1321 2072; x_wconf 71' lang='lat' dir='ltr'><strong>ventissimam</strong></span> <span class='ocrx_word' id='word_1_93' title='bbox 1333 2007 1420 2095; x_wconf 76' lang='lat' dir='ltr'>Hyp</span> 
     </span>
     <span class='ocr_line' id='line_1_13' title="bbox 289 2118 1419 2204; baseline 0.005 -24"><span class='ocrx_word' id='word_1_94' title='bbox 289 2118 389 2204; x_wconf 78' lang='lat' dir='ltr'>polyti</span> <span class='ocrx_word' id='word_1_95' title='bbox 414 2141 534 2183; x_wconf 85' lang='lat' dir='ltr'>versum</span> <span class='ocrx_word' id='word_1_96' title='bbox 561 2122 643 2182; x_wconf 77' lang='lat'>612:</span> <span class='ocrx_word' id='word_1_97' title='bbox 669 2122 686 2192; x_wconf 78' lang='grc' dir='ltr'><strong><em>η</em></strong></span> <span class='ocrx_word' id='word_1_98' title='bbox 710 2120 824 2197; x_wconf 81' lang='grc' dir='ltr'><strong><em>γλῶοο“</em></strong></span> <span class='ocrx_word' id='word_1_99' title='bbox 847 2120 987 2200; x_wconf 79' lang='grc' dir='ltr'><strong><em>ἔμιίμοχ’</em></strong></span> <span class='ocrx_word' id='word_1_100' title='bbox 1008 2121 1025 2192; x_wconf 74' lang='lat' dir='ltr'>»i</span> <span class='ocrx_word' id='word_1_101' title='bbox 1045 2120 1076 2184; x_wconf 81' lang='grc' dir='ltr'><strong><em>δέ</em></strong></span> <span class='ocrx_word' id='word_1_102' title='bbox 1096 2120 1174 2200; x_wconf 75' lang='grc' dir='ltr'><strong><em>Φρην</em></strong></span> <span class='ocrx_word' id='word_1_103' title='bbox 1191 2122 1353 2199; x_wconf 83' lang='grc' dir='ltr'><strong><em>οίνύμοπος,</em></strong></span> <span class='ocrx_word' id='word_1_104' title='bbox 1366 2144 1419 2186; x_wconf 87' lang='lat' dir='ltr'>ne-</span> 
     </span>
     <span class='ocr_line' id='line_1_14' title="bbox 289 2217 1439 2320; baseline 0.001 -23"><span class='ocrx_word' id='word_1_105' title='bbox 289 2254 350 2316; x_wconf 91' lang='lat' dir='ltr'>que</span> <span class='ocrx_word' id='word_1_106' title='bbox 373 2232 490 2296; x_wconf 88' lang='lat' dir='ltr'>infitior</span> <span class='ocrx_word' id='word_1_107' title='bbox 513 2233 669 2317; x_wconf 77' lang='lat' dir='ltr'>tragicum</span> <span class='ocrx_word' id='word_1_108' title='bbox 689 2234 813 2318; x_wconf 85' lang='lat' dir='ltr'>saepius</span> <span class='ocrx_word' id='word_1_109' title='bbox 833 2234 877 2297; x_wconf 67' lang='lat' dir='ltr'>ior</span> <span class='ocrx_word' id='word_1_110' title='bbox 896 2233 1074 2298; x_wconf 81' lang='lat' dir='ltr'>distinxisse</span> <span class='ocrx_word' id='word_1_111' title='bbox 1087 2243 1221 2298; x_wconf 80' lang='lat' dir='ltr'><strong>mentem</strong></span> <span class='ocrx_word' id='word_1_112' title='bbox 1235 2233 1353 2320; x_wconf 83' lang='lat' dir='ltr'>abipso</span> <span class='ocrx_word' id='word_1_113' title='bbox 1365 2234 1418 2298; x_wconf 81' lang='lat' dir='ltr'>ho</span> <span class='ocrx_word' id='word_1_114' title='bbox 1437 2217 1439 2221; x_wconf 23' lang='grc' dir='ltr'>Ι</span> 
     </span>
     <span class='ocr_line' id='line_1_15' title="bbox 289 2345 1418 2428; baseline 0.004 -18"><span class='ocrx_word' id='word_1_115' title='bbox 289 2347 382 2426; x_wconf 89' lang='lat' dir='ltr'>mine,</span> <span class='ocrx_word' id='word_1_116' title='bbox 407 2371 434 2409; x_wconf 79' lang='lat' dir='ltr'>r.</span> <span class='ocrx_word' id='word_1_117' title='bbox 459 2370 486 2411; x_wconf 89' lang='lat' dir='ltr'>e.</span> <span class='ocrx_word' id='word_1_118' title='bbox 511 2345 631 2412; x_wconf 89' lang='lat' dir='ltr'>Phoen.</span> <span class='ocrx_word' id='word_1_119' title='bbox 657 2349 731 2427; x_wconf 78' lang='lat'>360,</span> <span class='ocrx_word' id='word_1_120' title='bbox 761 2350 855 2428; x_wconf 77' lang='lat'>1418,</span> <span class='ocrx_word' id='word_1_121' title='bbox 882 2347 950 2412; x_wconf 92' lang='lat' dir='ltr'>lou.</span> <span class='ocrx_word' id='word_1_122' title='bbox 972 2351 1046 2428; x_wconf 80' lang='lat'>251,</span> <span class='ocrx_word' id='word_1_123' title='bbox 1067 2348 1213 2412; x_wconf 83' lang='lat' dir='ltr'>hocloco</span> <span class='ocrx_word' id='word_1_124' title='bbox 1233 2356 1337 2413; x_wconf 80' lang='lat' dir='ltr'>tamen</span> <span class='ocrx_word' id='word_1_125' title='bbox 1357 2348 1418 2415; x_wconf 87' lang='lat' dir='ltr'>lruc</span> 
     </span>
     <span class='ocr_line' id='line_1_16' title="bbox 290 2461 1419 2548; baseline 0.002 -23"><span class='ocrx_word' id='word_1_126' title='bbox 290 2483 352 2525; x_wconf 91' lang='lat' dir='ltr'>uon</span> <span class='ocrx_word' id='word_1_127' title='bbox 377 2462 503 2547; x_wconf 82' lang='lat' dir='ltr'>respicit</span> <span class='ocrx_word' id='word_1_128' title='bbox 527 2462 581 2525; x_wconf 86' lang='lat' dir='ltr'>Ar.</span> <span class='ocrx_word' id='word_1_129' title='bbox 606 2461 745 2526; x_wconf 81' lang='lat' dir='ltr'>Exhibet</span> <span class='ocrx_word' id='word_1_130' title='bbox 769 2464 851 2526; x_wconf 89' lang='lat' dir='ltr'>enim</span> <span class='ocrx_word' id='word_1_131' title='bbox 876 2462 1052 2548; x_wconf 79' lang='lat' dir='ltr'>exemplum</span> <span class='ocrx_word' id='word_1_132' title='bbox 1072 2464 1268 2540; x_wconf 76' lang='grc' dir='ltr'><strong><em>λιπτολογίας</em></strong></span> <span class='ocrx_word' id='word_1_133' title='bbox 1286 2485 1368 2547; x_wconf 88' lang='lat' dir='ltr'>quae</span> <span class='ocrx_word' id='word_1_134' title='bbox 1387 2472 1419 2527; x_wconf 89' lang='lat' dir='ltr'>et</span> 
     </span>
     <span class='ocr_line' id='line_1_17' title="bbox 289 2573 1417 2661; baseline 0.004 -24"><span class='ocrx_word' id='word_1_135' title='bbox 289 2573 364 2638; x_wconf 84' lang='lat' dir='ltr'>alibi</span> <span class='ocrx_word' id='word_1_136' title='bbox 382 2584 419 2659; x_wconf 52' lang='lat' dir='ltr'>⁴et</span> <span class='ocrx_word' id='word_1_137' title='bbox 440 2576 473 2639; x_wconf 93' lang='lat' dir='ltr'>in</span> <span class='ocrx_word' id='word_1_138' title='bbox 496 2575 660 2660; x_wconf 79' lang='lat' dir='ltr'>Euripidis</span> <span class='ocrx_word' id='word_1_139' title='bbox 683 2574 831 2640; x_wconf 82' lang='lat' dir='ltr'>dramatis</span> <span class='ocrx_word' id='word_1_140' title='bbox 854 2577 1008 2661; x_wconf 85' lang='lat' dir='ltr'>reperitur</span> <span class='ocrx_word' id='word_1_141' title='bbox 1031 2584 1068 2640; x_wconf 92' lang='lat' dir='ltr'>ut</span> <span class='ocrx_word' id='word_1_142' title='bbox 1097 2576 1193 2661; x_wconf 88' lang='lat' dir='ltr'>Hipp.</span> <span class='ocrx_word' id='word_1_143' title='bbox 1219 2578 1315 2654; x_wconf 79' lang='lat'><strong>1034,</strong></span> <span class='ocrx_word' id='word_1_144' title='bbox 1339 2575 1417 2641; x_wconf 76' lang='lat' dir='ltr'>llee</span> 
     </span>
     <span class='ocr_line' id='line_1_18' title="bbox 292 2687 1418 2774; baseline 0.004 -23"><span class='ocrx_word' id='word_1_145' title='bbox 292 2691 366 2767; x_wconf 79' lang='lat'><strong>566,</strong></span> <span class='ocrx_word' id='word_1_146' title='bbox 389 2687 507 2753; x_wconf 90' lang='lat' dir='ltr'>Phoen.</span> <span class='ocrx_word' id='word_1_147' title='bbox 533 2690 609 2767; x_wconf 80' lang='lat'>357,</span> <span class='ocrx_word' id='word_1_148' title='bbox 634 2688 703 2753; x_wconf 90' lang='lat' dir='ltr'>Ion.</span> <span class='ocrx_word' id='word_1_149' title='bbox 731 2692 816 2753; x_wconf 63' lang='lat'>1444</span> <span class='ocrx_word' id='word_1_150' title='bbox 835 2688 965 2774; x_wconf 89' lang='lat' dir='ltr'>(Phoen.</span> <span class='ocrx_word' id='word_1_151' title='bbox 985 2698 1018 2754; x_wconf 89' lang='lat' dir='ltr'>et</span> <span class='ocrx_word' id='word_1_152' title='bbox 1035 2688 1093 2754; x_wconf 92' lang='lat' dir='ltr'>Ion</span> <span class='ocrx_word' id='word_1_153' title='bbox 1113 2699 1184 2774; x_wconf 86' lang='lat' dir='ltr'>post</span> <span class='ocrx_word' id='word_1_154' title='bbox 1202 2690 1418 2756; x_wconf 81' lang='lat' dir='ltr'>Acharneusea</span> 
     </span>
     <span class='ocr_line' id='line_1_19' title="bbox 290 2801 1418 2890; baseline 0.002 -23"><span class='ocrx_word' id='word_1_155' title='bbox 290 2804 323 2867; x_wconf 94' lang='lat' dir='ltr'>in</span> <span class='ocrx_word' id='word_1_156' title='bbox 352 2826 475 2867; x_wconf 83' lang='lat' dir='ltr'>scenam</span> <span class='ocrx_word' id='word_1_157' title='bbox 506 2802 712 2889; x_wconf 88' lang='lat' dir='ltr'>prodierunt).</span> <span class='ocrx_word' id='word_1_158' title='bbox 738 2802 869 2867; x_wconf 82' lang='lat' dir='ltr'>Minime</span> <span class='ocrx_word' id='word_1_159' title='bbox 892 2811 998 2867; x_wconf 88' lang='lat' dir='ltr'>autem</span> <span class='ocrx_word' id='word_1_160' title='bbox 1021 2801 1259 2890; x_wconf 84' lang='lat' dir='ltr'>improbandum</span> <span class='ocrx_word' id='word_1_161' title='bbox 1283 2813 1331 2868; x_wconf 88' lang='lat' dir='ltr'>est</span> <span class='ocrx_word' id='word_1_162' title='bbox 1352 2804 1418 2869; x_wconf 85' lang='lat' dir='ltr'>tale</span> 
     </span>
     <span class='ocr_line' id='line_1_20' title="bbox 290 2916 1420 3002; baseline 0.001 -22"><span class='ocrx_word' id='word_1_163' title='bbox 290 2916 440 3001; x_wconf 89' lang='lat' dir='ltr'>loquendi</span> <span class='ocrx_word' id='word_1_164' title='bbox 463 2940 574 3002; x_wconf 85' lang='lat' dir='ltr'>genus,</span> <span class='ocrx_word' id='word_1_165' title='bbox 598 2941 638 2981; x_wconf 88' lang='lat' dir='ltr'>ne</span> <span class='ocrx_word' id='word_1_166' title='bbox 662 2919 696 2982; x_wconf 92' lang='lat' dir='ltr'>in</span> <span class='ocrx_word' id='word_1_167' title='bbox 719 2941 752 2982; x_wconf 89' lang='lat' dir='ltr'>re</span> <span class='ocrx_word' id='word_1_168' title='bbox 775 2918 861 3001; x_wconf 84' lang='lat' dir='ltr'>gravi</span> <span class='ocrx_word' id='word_1_169' title='bbox 886 2918 1023 3001; x_wconf 86' lang='lat' dir='ltr'>quidem,</span> <span class='ocrx_word' id='word_1_170' title='bbox 1048 2918 1139 2981; x_wconf 86' lang='lat' dir='ltr'>cuins</span> <span class='ocrx_word' id='word_1_171' title='bbox 1161 2919 1252 2982; x_wconf 87' lang='lat' dir='ltr'>testis</span> <span class='ocrx_word' id='word_1_172' title='bbox 1275 2919 1318 2981; x_wconf 87' lang='lat' dir='ltr'>sit</span> <span class='ocrx_word' id='word_1_173' title='bbox 1339 2917 1420 2981; x_wconf 89' lang='lat' dir='ltr'>Pau·</span> 
     </span>
     <span class='ocr_line' id='line_1_21' title="bbox 290 3028 1418 3115; baseline 0.001 -21"><span class='ocrx_word' id='word_1_174' title='bbox 290 3030 351 3110; x_wconf 86' lang='lat' dir='ltr'>lus,</span> <span class='ocrx_word' id='word_1_175' title='bbox 375 3032 431 3115; x_wconf 92' lang='lat' dir='ltr'>qui</span> <span class='ocrx_word' id='word_1_176' title='bbox 455 3034 474 3092; x_wconf 79' lang='lat'>2</span> <span class='ocrx_word' id='word_1_177' title='bbox 498 3029 569 3094; x_wconf 88' lang='lat' dir='ltr'>Cor.</span> <span class='ocrx_word' id='word_1_178' title='bbox 595 3028 654 3108; x_wconf 81' lang='lat' dir='ltr'>VI,</span> <span class='ocrx_word' id='word_1_179' title='bbox 678 3035 697 3094; x_wconf 81' lang='lat'>9</span> <span class='ocrx_word' id='word_1_180' title='bbox 722 3032 760 3102; x_wconf 78' lang='grc' dir='ltr'>ύς</span> <span class='ocrx_word' id='word_1_181' title='bbox 783 3031 970 3107; x_wconf 72' lang='grc' dir='ltr'><strong><em>ἀγνοούμενοι</em></strong></span> <span class='ocrx_word' id='word_1_182' title='bbox 992 3029 1045 3094; x_wconf 78' lang='grc' dir='ltr'>καί</span> <span class='ocrx_word' id='word_1_183' title='bbox 1069 3031 1353 3108; x_wconf 79' lang='grc' dir='ltr'><strong><em>ἔπιγιγνωοκίμενοι,</em></strong></span> <span class='ocrx_word' id='word_1_184' title='bbox 1379 3032 1418 3103; x_wconf 76' lang='grc' dir='ltr'>ὥς</span> 
     </span>
     <span class='ocr_line' id='line_1_22' title="bbox 289 3143 1418 3225; baseline 0.001 -17"><span class='ocrx_word' id='word_1_185' title='bbox 289 3143 526 3218; x_wconf 65' lang='grc' dir='ltr'><strong><em>ὥποθνιίοιιοντες</em></strong></span> <span class='ocrx_word' id='word_1_186' title='bbox 550 3144 602 3209; x_wconf 77' lang='grc' dir='ltr'>καί</span> <span class='ocrx_word' id='word_1_187' title='bbox 626 3145 686 3209; x_wconf 77' lang='grc' dir='ltr'><strong><em>ἰδοὺ</em></strong></span> <span class='ocrx_word' id='word_1_188' title='bbox 705 3145 874 3225; x_wconf 63' lang='grc' dir='ltr'><strong><em>ζῶμεν...</em></strong></span> <span class='ocrx_word' id='word_1_189' title='bbox 896 3148 934 3217; x_wconf 72' lang='grc' dir='ltr'>ὡς</span> <span class='ocrx_word' id='word_1_190' title='bbox 953 3145 1127 3221; x_wconf 75' lang='grc' dir='ltr'><strong><em>λυπούμενοι</em></strong></span> <span class='ocrx_word' id='word_1_191' title='bbox 1145 3145 1192 3208; x_wconf 73' lang='grc' dir='ltr'>ἀεὶ</span> <span class='ocrx_word' id='word_1_192' title='bbox 1208 3145 1240 3208; x_wconf 85' lang='grc' dir='ltr'><strong><em>δέ</em></strong></span> <span class='ocrx_word' id='word_1_193' title='bbox 1254 3146 1418 3225; x_wconf 79' lang='grc' dir='ltr'><strong><em>χαίροντες,</em></strong></span> 
     </span>
     <span class='ocr_line' id='line_1_23' title="bbox 397 3257 1420 3345; baseline 0.002 -23.811"><span class='ocrx_word' id='word_1_194' title='bbox 397 3260 435 3331; x_wconf 77' lang='grc' dir='ltr'>ύς</span> <span class='ocrx_word' id='word_1_195' title='bbox 465 3259 559 3336; x_wconf 84' lang='grc' dir='ltr'><strong><em>μηδὲν</em></strong></span> <span class='ocrx_word' id='word_1_196' title='bbox 587 3257 709 3338; x_wconf 77' lang='grc' dir='ltr'><strong><em>ἔχοντες</em></strong></span> <span class='ocrx_word' id='word_1_197' title='bbox 740 3257 793 3323; x_wconf 81' lang='grc' dir='ltr'>καί</span> <span class='ocrx_word' id='word_1_198' title='bbox 824 3259 926 3322; x_wconf 65' lang='lat' dir='ltr'>eam</span> <span class='ocrx_word' id='word_1_199' title='bbox 954 3259 1143 3338; x_wconf 80' lang='grc' dir='ltr'><strong><em>κατέχοντες.</em></strong></span> <span class='ocrx_word' id='word_1_200' title='bbox 1168 3258 1420 3345; x_wconf 88' lang='lat' dir='ltr'>Reprehensioue</span> 
     </span>
     <span class='ocr_line' id='line_1_24' title="bbox 290 3372 1420 3458; baseline 0.001 -22"><span class='ocrx_word' id='word_1_201' title='bbox 290 3394 363 3437; x_wconf 81' lang='lat' dir='ltr'>vero</span> <span class='ocrx_word' id='word_1_202' title='bbox 393 3373 508 3457; x_wconf 80' lang='lat' dir='ltr'>diguus</span> <span class='ocrx_word' id='word_1_203' title='bbox 538 3382 585 3437; x_wconf 83' lang='lat' dir='ltr'>est</span> <span class='ocrx_word' id='word_1_204' title='bbox 617 3374 749 3458; x_wconf 84' lang='lat' dir='ltr'>scriptor</span> <span class='ocrx_word' id='word_1_205' title='bbox 778 3374 835 3457; x_wconf 91' lang='lat' dir='ltr'>qui</span> <span class='ocrx_word' id='word_1_206' title='bbox 864 3373 931 3436; x_wconf 91' lang='lat' dir='ltr'>sine</span> <span class='ocrx_word' id='word_1_207' title='bbox 960 3372 1070 3437; x_wconf 84' lang='lat' dir='ltr'>idonea</span> <span class='ocrx_word' id='word_1_208' title='bbox 1101 3395 1203 3450; x_wconf 64' lang='lat' dir='ltr'>caum,</span> <span class='ocrx_word' id='word_1_209' title='bbox 1231 3381 1359 3437; x_wconf 87' lang='lat' dir='ltr'>tantum</span> <span class='ocrx_word' id='word_1_210' title='bbox 1381 3382 1420 3438; x_wconf 88' lang='lat' dir='ltr'>ut</span> 
     </span>
     <span class='ocr_line' id='line_1_25' title="bbox 288 3485 1418 3572; baseline 0.003 -23"><span class='ocrx_word' id='word_1_211' title='bbox 288 3485 390 3551; x_wconf 80' lang='lat' dir='ltr'>verbis</span> <span class='ocrx_word' id='word_1_212' title='bbox 418 3486 520 3563; x_wconf 88' lang='lat' dir='ltr'>ludat,</span> <span class='ocrx_word' id='word_1_213' title='bbox 551 3489 596 3551; x_wconf 89' lang='lat' dir='ltr'>rei</span> <span class='ocrx_word' id='word_1_214' title='bbox 627 3488 777 3571; x_wconf 77' lang='lat' dir='ltr'>gravitati</span> <span class='ocrx_word' id='word_1_215' title='bbox 798 3488 971 3571; x_wconf 80' lang='lat' dir='ltr'>incongrua</span> <span class='ocrx_word' id='word_1_216' title='bbox 994 3487 1139 3572; x_wconf 79' lang='lat' dir='ltr'>proferat,</span> <span class='ocrx_word' id='word_1_217' title='bbox 1163 3494 1201 3551; x_wconf 88' lang='lat' dir='ltr'>ut</span> <span class='ocrx_word' id='word_1_218' title='bbox 1223 3510 1251 3551; x_wconf 82' lang='lat' dir='ltr'>v.</span> <span class='ocrx_word' id='word_1_219' title='bbox 1276 3510 1303 3551; x_wconf 91' lang='lat' dir='ltr'>c.</span> <span class='ocrx_word' id='word_1_220' title='bbox 1327 3487 1418 3552; x_wconf 82' lang='lat' dir='ltr'>Euri·</span> 
     </span>
     <span class='ocr_line' id='line_1_26' title="bbox 291 3599 1419 3687; baseline 0.002 -23"><span class='ocrx_word' id='word_1_221' title='bbox 291 3601 378 3687; x_wconf 86' lang='lat' dir='ltr'>pides</span> <span class='ocrx_word' id='word_1_222' title='bbox 407 3601 440 3665; x_wconf 94' lang='lat' dir='ltr'>in</span> <span class='ocrx_word' id='word_1_223' title='bbox 472 3601 592 3666; x_wconf 83' lang='lat' dir='ltr'>Alcest.</span> <span class='ocrx_word' id='word_1_224' title='bbox 623 3624 667 3665; x_wconf 85' lang='lat' dir='ltr'>vs.</span> <span class='ocrx_word' id='word_1_225' title='bbox 692 3604 755 3665; x_wconf 78' lang='lat'>521</span> <span class='ocrx_word' id='word_1_226' title='bbox 781 3622 858 3685; x_wconf 72' lang='lat' dir='ltr'>sqq„</span> <span class='ocrx_word' id='word_1_227' title='bbox 884 3599 938 3665; x_wconf 91' lang='lat' dir='ltr'>ubi</span> <span class='ocrx_word' id='word_1_228' title='bbox 962 3599 1126 3679; x_wconf 71' lang='lat' dir='ltr'>Admetus,</span> <span class='ocrx_word' id='word_1_229' title='bbox 1152 3623 1315 3686; x_wconf 82' lang='lat' dir='ltr'>oppressus</span> <span class='ocrx_word' id='word_1_230' title='bbox 1339 3601 1419 3666; x_wconf 86' lang='lat' dir='ltr'>seili-</span> 
     </span>
     <span class='ocr_line' id='line_1_27' title="bbox 292 3713 1420 3792; baseline 0.003 -15"><span class='ocrx_word' id='word_1_231' title='bbox 292 3721 342 3777; x_wconf 83' lang='lat' dir='ltr'>oet</span> <span class='ocrx_word' id='word_1_232' title='bbox 376 3722 408 3778; x_wconf 90' lang='lat' dir='ltr'>et</span> <span class='ocrx_word' id='word_1_233' title='bbox 442 3713 603 3779; x_wconf 82' lang='lat' dir='ltr'>coniectus</span> <span class='ocrx_word' id='word_1_234' title='bbox 637 3714 755 3792; x_wconf 89' lang='lat' dir='ltr'>dolore,</span> <span class='ocrx_word' id='word_1_235' title='bbox 788 3713 950 3779; x_wconf 78' lang='lat' dir='ltr'>subtiliter</span> <span class='ocrx_word' id='word_1_236' title='bbox 983 3713 1107 3779; x_wconf 83' lang='lat' dir='ltr'>disserit</span> <span class='ocrx_word' id='word_1_237' title='bbox 1145 3715 1183 3778; x_wconf 89' lang='lat' dir='ltr'>de</span> <span class='ocrx_word' id='word_1_238' title='bbox 1219 3736 1315 3779; x_wconf 81' lang='lat' dir='ltr'>uxore</span> <span class='ocrx_word' id='word_1_239' title='bbox 1347 3737 1420 3780; x_wconf 79' lang='lat' dir='ltr'>mox</span> 
     </span>
     <span class='ocr_line' id='line_1_28' title="bbox 291 3825 1418 3914; baseline 0.002 -23"><span class='ocrx_word' id='word_1_240' title='bbox 291 3829 442 3892; x_wconf 86' lang='lat' dir='ltr'>moritura</span> <span class='ocrx_word' id='word_1_241' title='bbox 473 3835 506 3891; x_wconf 88' lang='lat' dir='ltr'>et</span> <span class='ocrx_word' id='word_1_242' title='bbox 534 3825 668 3892; x_wconf 82' lang='lat' dir='ltr'>Herculi</span> <span class='ocrx_word' id='word_1_243' title='bbox 700 3827 829 3914; x_wconf 84' lang='lat' dir='ltr'>exponit</span> <span class='ocrx_word' id='word_1_244' title='bbox 857 3825 1013 3911; x_wconf 88' lang='lat' dir='ltr'>quomodo</span> <span class='ocrx_word' id='word_1_245' title='bbox 1035 3826 1114 3891; x_wconf 77' lang='grc' dir='ltr'><strong><em>ἔστιν</em></strong></span> <span class='ocrx_word' id='word_1_246' title='bbox 1137 3852 1171 3892; x_wconf 83' lang='grc' dir='ltr'>τε</span> <span class='ocrx_word' id='word_1_247' title='bbox 1192 3828 1306 3892; x_wconf 78' lang='grc' dir='ltr'><strong><em>κούκέτ’</em></strong></span> <span class='ocrx_word' id='word_1_248' title='bbox 1331 3827 1418 3893; x_wconf 81' lang='grc' dir='ltr'><strong><em>ἔστιν.</em></strong></span> 
     </span>
     <span class='ocr_line' id='line_1_29' title="bbox 291 3940 1422 4027; baseline 0.001 -22"><span class='ocrx_word' id='word_1_249' title='bbox 291 3941 374 4005; x_wconf 85' lang='lat' dir='ltr'>Sunt</span> <span class='ocrx_word' id='word_1_250' title='bbox 407 3941 483 4005; x_wconf 82' lang='lat' dir='ltr'>haec</span> <span class='ocrx_word' id='word_1_251' title='bbox 519 3942 747 4022; x_wconf 77' lang='grc' dir='ltr'><strong><em>παραπρίσματ’</em></strong></span> <span class='ocrx_word' id='word_1_252' title='bbox 782 3944 860 4006; x_wconf 81' lang='grc' dir='ltr'><strong><em>ἐπῶν</em></strong></span> <span class='ocrx_word' id='word_1_253' title='bbox 890 3962 971 4025; x_wconf 84' lang='lat' dir='ltr'>quae</span> <span class='ocrx_word' id='word_1_254' title='bbox 999 3940 1078 4005; x_wconf 80' lang='lat' dir='ltr'>Rau.</span> <span class='ocrx_word' id='word_1_255' title='bbox 1113 3942 1198 4004; x_wconf 76' lang='lat'><strong>1443</strong></span> <span class='ocrx_word' id='word_1_256' title='bbox 1228 3943 1345 4027; x_wconf 84' lang='lat' dir='ltr'>carpsit</span> <span class='ocrx_word' id='word_1_257' title='bbox 1372 3964 1422 4006; x_wconf 87' lang='lat' dir='ltr'>oo·</span> 
     </span>
     <span class='ocr_line' id='line_1_30' title="bbox 291 4055 1420 4141; baseline -0.002 -20"><span class='ocrx_word' id='word_1_258' title='bbox 291 4057 400 4134; x_wconf 85' lang='lat' dir='ltr'>miens,</span> <span class='ocrx_word' id='word_1_259' title='bbox 431 4056 538 4140; x_wconf 87' lang='lat' dir='ltr'>qualia</span> <span class='ocrx_word' id='word_1_260' title='bbox 570 4055 698 4141; x_wconf 82' lang='lat' dir='ltr'>Agatho</span> <span class='ocrx_word' id='word_1_261' title='bbox 721 4077 848 4140; x_wconf 90' lang='lat' dir='ltr'>quoque</span> <span class='ocrx_word' id='word_1_262' title='bbox 872 4057 1037 4137; x_wconf 83' lang='lat' dir='ltr'>adamavit,</span> <span class='ocrx_word' id='word_1_263' title='bbox 1062 4055 1153 4120; x_wconf 87' lang='lat' dir='ltr'>cuius</span> <span class='ocrx_word' id='word_1_264' title='bbox 1175 4056 1316 4137; x_wconf 80' lang='grc' dir='ltr'><strong><em>πνίρεργον</em></strong></span> <span class='ocrx_word' id='word_1_265' title='bbox 1339 4055 1420 4136; x_wconf 81' lang='grc' dir='ltr'><strong><em>ἔργον</em></strong></span> 
     </span>
     <span class='ocr_line' id='line_1_31' title="bbox 289 4177 483 4234; baseline 0 0"><span class='ocrx_word' id='word_1_266' title='bbox 289 4177 400 4234; x_wconf 86' lang='lat' dir='ltr'>uotum</span> <span class='ocrx_word' id='word_1_267' title='bbox 424 4178 483 4234; x_wconf 87' lang='lat' dir='ltr'>est.</span> 
     </span>
    </p>

    <p class='ocr_par' dir='ltr' id='par_1_7' title="bbox 288 4282 1421 4575">
     <span class='ocr_line' id='line_1_32' title="bbox 334 4282 1421 4372; baseline 0.002 -25"><span class='ocrx_word' id='word_1_268' title='bbox 334 4282 414 4348; x_wconf 87' lang='lat' dir='ltr'>Cum</span> <span class='ocrx_word' id='word_1_269' title='bbox 456 4286 678 4372; x_wconf 78' lang='lat' dir='ltr'>Aristophanis</span> <span class='ocrx_word' id='word_1_270' title='bbox 719 4285 787 4350; x_wconf 88' lang='lat' dir='ltr'>looo</span> <span class='ocrx_word' id='word_1_271' title='bbox 828 4286 1035 4351; x_wconf 79' lang='lat' dir='ltr'>conserendus</span> <span class='ocrx_word' id='word_1_272' title='bbox 1075 4293 1123 4350; x_wconf 83' lang='lat' dir='ltr'>est</span> <span class='ocrx_word' id='word_1_273' title='bbox 1156 4285 1244 4349; x_wconf 86' lang='lat' dir='ltr'>loeus</span> <span class='ocrx_word' id='word_1_274' title='bbox 1278 4282 1421 4349; x_wconf 83' lang='lat' dir='ltr'>Platonis</span> 
     </span>
     <span class='ocr_line' id='line_1_33' title="bbox 288 4397 1420 4482; baseline 0.001 -20"><span class='ocrx_word' id='word_1_275' title='bbox 288 4397 397 4462; x_wconf 89' lang='lat' dir='ltr'>oomici</span> <span class='ocrx_word' id='word_1_276' title='bbox 432 4419 525 4482; x_wconf 87' lang='lat' dir='ltr'>quem</span> <span class='ocrx_word' id='word_1_277' title='bbox 561 4403 694 4464; x_wconf 70' lang='lat' dir='ltr'>servant</span> <span class='ocrx_word' id='word_1_278' title='bbox 730 4400 833 4464; x_wconf 85' lang='lat' dir='ltr'>Sohol.</span> <span class='ocrx_word' id='word_1_279' title='bbox 868 4398 992 4464; x_wconf 81' lang='lat' dir='ltr'>Thesm.</span> <span class='ocrx_word' id='word_1_280' title='bbox 1028 4402 1104 4476; x_wconf 78' lang='lat'><strong>808,</strong></span> <span class='ocrx_word' id='word_1_281' title='bbox 1128 4400 1178 4463; x_wconf 88' lang='lat' dir='ltr'>cni</span> <span class='ocrx_word' id='word_1_282' title='bbox 1203 4398 1314 4463; x_wconf 82' lang='lat' dir='ltr'>similia</span> <span class='ocrx_word' id='word_1_283' title='bbox 1337 4399 1420 4463; x_wconf 86' lang='lat' dir='ltr'>inest</span> 
     </span>
     <span class='ocr_line' id='line_1_34' title="bbox 290 4512 395 4575; baseline 0 0"><span class='ocrx_word' id='word_1_284' title='bbox 290 4512 395 4575; x_wconf 76' lang='lat' dir='ltr'>lusus:</span> 
     </span>
    </p>
   </div>
   <div class='ocr_carea' id='block_1_6' title="bbox 0 0 1801 5484">
    <p class='ocr_par' dir='ltr' id='par_1_8' title="bbox 0 0 1801 5484">
     <span class='ocr_line' id='line_1_35' title="bbox 0 0 1801 5484; baseline 0 0"><span class='ocrx_word' id='word_1_285' title='bbox 0 0 1801 5484; x_wconf 95' lang='lat' dir='ltr'> </span> 
     </span>
    </p>
   </div>
  </div>
 </body>
</html>
