3592 5484
357 615 398 677 22
780 633 1016 680 aenanunssrs.

377 801 445 866 Iam
469 810 563 866 antea
587 802 728 882 fuerunt,
751 826 791 868 ne.
814 802 874 867 hoc
896 811 1025 880 taceam
1049 801 1107 866 riri
1132 800 1214 866 docti
1239 802 1295 888 qui
1319 802 1357 868 fr.
1385 803 1457 883 710,

335 916 409 994 711,
431 918 493 982 712
513 916 572 1003 ipsi
586 916 727 1003 Telepho
738 916 923 996 tribuerent,
936 915 1015 982 Geel
1026 916 1058 981 in
1073 916 1309 982 commentatione
1320 920 1356 982 a'a
1368 917 1458 983 Eari-

330 1032 411 1114 pidia
438 1031 568 1115 Telepho,
593 1030 752 1113 Welcker,
771 1034 820 1097 alic
843 1033 959 1098 Griecl.
983 1032 1070 1115 Troy.
1091 1028 1127 1094 Π
1145 1053 1177 1117 p.
1197 1033 1272 1112 487,
1292 1029 1389 1113 Jahn,
1405 1032 1458 1098 cui

332 1153 436 1210 tamen
456 1166 519 1210 non
538 1147 615 1211 satis
627 1154 759 1226 constat,
777 1147 923 1232 Telephe
941 1147 1061 1226 Troiloa,
1073 1168 1105 1232 p.
1119 1146 1171 1210 30.
1184 1143 1301 1211 Verum
1313 1153 1459 1212 statuunt

333 1282 440 1324 omnes
470 1259 552 1325 hanc
582 1261 756 1327 emtionem
787 1261 931 1327 habuisse
963 1259 1134 1347 Telephum
1164 1271 1236 1347 post
1256 1261 1457 1348 agnitionem,

332 1356 416 1459 quod
446 1374 622 1459 fragmento
648 1378 708 1441 711
734 1375 889 1441 refellitur
911 1397 1012 1460 neque
1035 1374 1182 1439 uiderunt
1203 1375 1279 1459 quid
1304 1375 1458 1442 orationes

333 1487 564 1575 Dicaeopolidis
584 1498 616 1554 ot
636 1490 823 1556 Mnesilochi
843 1490 880 1555 ad
894 1489 1082 1576 tragoediam
1096 1487 1320 1554 restituendam
1332 1488 1457 1556 iaciant.

378 1602 496 1670 Verum
532 1605 612 1669 vidit
643 1605 785 1671 Fritsche
817 1607 872 1691 qui
899 1604 937 1670 ad
962 1603 1087 1669 Thosm.
1113 1605 1192 1668 als:
1216 1602 1340 1682 „Falso
1361 1605 1460 1693 suspi-

334 1727 423 1784 catur
447 1719 651 1801 hlatthiacns,
676 1721 759 1806 apud
784 1721 938 1804 tragicum
960 1719 1035 1784 haec
1055 1742 1119 1784 esso
1139 1717 1232 1783 verba
1251 1718 1352 1783 videri
1363 1717 1459 1784 unius

334 1856 351 1897 e
375 1833 567 1900 Graecorum
592 1834 726 1900 ducibus
743 1833 883 1922 Telepho
901 1835 1135 1922 patrocinantis.
1155 1830 1357 1899 Nobilissima
1374 1833 1457 1921 apud

335 1947 518 2034 Euripidem
551 1948 614 2013 fnit
644 1948 773 2036 Telephi
803 1949 913 2028 oratio,
947 1970 1039 2033 quani
1072 1949 1105 2013 in
1129 1948 1265 2013 Acharn.
1288 1945 1458 2014 identidem

334 2062 374 2127 ad
409 2063 506 2128 risum
539 2064 711 2150 jocumque
738 2063 862 2130 deflecti
892 2064 1042 2129 videmus.
1073 2062 1144 2128 Jam
1175 2085 1212 2128 cr
1243 2063 1300 2129 hac
1329 2061 1459 2150 Telephi

335 2177 475 2242 oratione
499 2199 599 2262 eaque
621 2178 697 2243 item
721 2192 869 2259 extrema,
893 2181 1012 2266 qnippe
1031 2199 1130 2264 quum
1149 2177 1286 2264 generali
1304 2178 1459 2244 sententia

335 2289 585 2370 concluderetur,
610 2290 773 2378 Euripidis
791 2313 913 2357 versum
933 2315 1081 2371 manases,
1102 2299 1228 2378 propter
1246 2289 1458 2357 incredibilem

335 2405 493 2489 quandam
528 2405 660 2493 Telephi
694 2407 780 2472 illius
808 2408 971 2492 nostrique
1001 2406 1188 2472 Mnesilochi
1219 2405 1457 2472 similitudinem

335 2516 472 2584 dubitari
504 2541 593 2606 posse
626 2543 716 2606 nego.
746 2520 903 2607 Telephus
925 2522 1008 2586 enim
1031 2518 1142 2585 habitu
1166 2519 1311 2599 mendici,
1334 2520 1459 2586 nomine

335 2632 486 2696 ementito
520 2632 646 2718 publice
682 2634 873 2700 Achivorum
906 2634 1001 2700 duces
1036 2635 1068 2699 in
1100 2634 1247 2699 concione
1278 2632 1458 2721 objurgaret

217 2738 222 2748 ’
335 2747 443 2833 itaque
472 2748 627 2828 finiverat,
660 2752 778 2814 Deinde
805 2752 894 2816 ctiam
925 2752 1090 2830 irascimur,
1119 2772 1176 2814 aaa
1199 2750 1346 2814 atrociora
1365 2752 1459 2834 parri,

335 2884 424 2948 qaam
437 2864 572 2948 sacimas
581 2863 617 2924 .⁰''
640 2862 720 2928 Rem
743 2872 850 2929 tamen
873 2887 937 2930 non
962 2864 1096 2930 ulterius
1116 2872 1301 2950 prosecutus
1323 2871 1380 2929 est.

334 3086 388 3153 Vs.
414 3083 483 3155 557
510 3112 577 3176 sqq.
603 3090 690 3174 Quid
721 3113 738 3156 e
767 3090 970 3176 sequentibus
993 3115 1009 3155 e
1032 3090 1191 3177 tragoedia
1214 3093 1396 3173 manaverit,
1418 3116 1458 3160 ne

334 3205 513 3269 ooniectura
532 3204 660 3290 quidem
681 3206 802 3291 assequi
822 3226 955 3292 passum.
979 3205 1134 3292 Suspicari
1147 3213 1270 3271 lantum
1286 3207 1319 3272 in
1331 3214 1457 3294 promtu

335 3327 382 3383 est
411 3320 444 3384 in
476 3319 637 3404 tragoedia
668 3342 794 3406 quoquc
818 3328 889 3407 post
910 3319 1040 3407 Telephi
1064 3320 1242 3386 concionem
1265 3320 1456 3386 simultatem

334 3441 433 3499 ortam
461 3456 536 3498 ese.
561 3432 693 3499 Carmen
717 3434 876 3501 choricnm
902 3437 1075 3501 ooo-571
1101 3435 1219 3521 tragico
1242 3444 1342 3501 metro
1365 3436 1458 3523 scrip

333 3557 402 3612 tum
426 3557 483 3613 est.
510 3548 558 3612 Ad
583 3572 626 3612 vs.
651 3551 714 3615 677
738 3549 864 3615 ἄπαισιν
887 3553 970 3629 ἡμῶν
992 3551 1045 3622 τὴν
1064 3552 1149 3615 πόλιν
1168 3549 1339 3632 κακορρεθεῒ
1353 3550 1456 3617 Schol.

335 3659 430 3726 habet
451 3662 503 3726 real
527 3668 614 3728 reiro
637 3664 670 3728 ἐκ
694 3665 844 3744 Τηλέφου.
870 3663 928 3728 Est
946 3687 1052 3729 revera
1071 3663 1253 3745 κακορροθεῖν
1271 3663 1456 3730 vocabulum

334 3776 553 3863 Euripideum,
585 3776 654 3842 Ale.
689 3781 763 3856 707,
792 3777 889 3866 Hipp.
916 3781 990 3844 340.
1015 3778 1162 3845 Occurrit
1184 3801 1310 3864 quoque
1333 3778 1458 3846 Thermi

335 3894 410 3971 896,
433 3890 490 3955 ubi
509 3890 656 3976 loquitur
673 3891 850 3979 Euripides.
872 3893 968 3979 Apud
987 3893 1093 3981 Soph,
1112 3893 1161 3959 El.
1177 3895 1238 3958 597
1252 3903 1454 3974 maaria.

333 4004 411 4070 Erat
433 4006 501 4071 sinc
521 4005 619 4071 dubio
639 4008 672 4071 in
693 4008 852 4093 tragoedia
872 4010 885 4073 ὂ
904 4007 1455 4096 axoppaaaipse'relcphus.1·}tiam

333 4143 377 4186 vs.
414 4123 496 4186 5777
532 4120 653 4206 (Dind.)
690 4117 769 4196 οὗτος
806 4125 843 4187 σὺ
872 4129 990 4204 τολμᾷς
1020 4125 1142 4203 πτωχὸς
1171 4124 1208 4188 ὢν
1239 4123 1336 4202 λέγειν
1366 4124 1456 4199 τάδες

333 4244 437 4320 qmtest
460 4259 525 4300 esse
547 4259 654 4302 versus
677 4238 877 4324 Euripideus,
902 4246 934 4302 et
957 4240 1040 4304 sicut
1058 4240 1181 4317 πτωχὸς
1202 4238 1249 4316 ὧν,
1269 4259 1315 4301 vs.
1336 4240 1409 4317 593,
1422 4238 1455 4302 in

199 4384 208 4397 ι
333 4358 469 4412 mentem
500 4363 626 4414 revocat
649 4376 692 4415 vs.
719 4356 792 4417 497.
817 4352 865 4416 De
890 4350 1046 4417 vocabulis
1070 4351 1289 4430 σπουδαρχίδης
1308 4359 1366 4414 cet.
1392 4351 1454 4416 vid.

332 4460 372 4526 ad
395 4461 481 4527 Nub.
509 4466 584 4528 714.
