3592 5484
840 653 1028 700 PRAEFATIO.
1428 656 1478 703 m

373 826 491 911 Magna
524 824 668 889 cautione
698 824 766 888 eius
795 821 949 886 iudicium
979 820 1192 886 adhibendum
1221 845 1286 886 esse
1310 820 1363 887 ubi
1389 843 1518 888 rernm·

374 939 554 1005 testimonia
584 959 647 1002 non
680 937 793 1017 adsint,
818 958 855 1000 ex
877 936 916 1000 iis
939 958 1020 1020 quae
1040 934 1155 1000 Pericli
1177 943 1210 999 et
1232 934 1350 1000 Socrati
1375 937 1497 1001 crimini

375 1053 463 1119 dedit
485 1051 565 1117 offici
590 1058 703 1138 potest,
726 1052 788 1115 imo
813 1074 830 1114 e
853 1050 929 1115 locis
953 1072 1017 1114 non
1044 1050 1153 1135 paucis
1176 1057 1306 1135 apparet
1324 1072 1394 1132 eum
1419 1050 1501 1115 nihil

375 1167 435 1233 sibi
464 1165 611 1231 illicitum
642 1164 768 1229 duxisse
799 1185 861 1248 quo
891 1162 1017 1227 laudern
1048 1163 1238 1227 detrectaret
1269 1185 1331 1248 qna
1354 1163 1422 1228 eius
1444 1165 1502 1229 ini·

376 1282 476 1346 micus
503 1279 675 1345 fruebatur.
710 1277 809 1342 Cuius
841 1277 981 1342 dramata
1010 1278 1120 1361 quanti
1152 1277 1384 1341 aestimaverint
1407 1278 1504 1342 Athe·
1568 1333 1577 1346 ,

376 1397 499 1462 nienscs
529 1395 554 1458 si
589 1415 652 1458 non
679 1388 806 1457 aliunde
834 1398 945 1456 notum
978 1398 1060 1455 esset
1084 1414 1121 1455 ex
1146 1389 1263 1455 acerbis
1286 1391 1503 1478 Aristophanis

375 1509 511 1597 parodiis
541 1508 619 1574 disci
647 1512 759 1593 posset.
784 1506 856 1588 Quo
880 1514 987 1570 antem
1010 1507 1114 1570 animo
1138 1505 1307 1591 Euripides
1330 1507 1385 1571 has
1412 1496 1503 1572 caiil·

375 1623 507 1689 lotiones
536 1621 649 1686 tulerit
677 1642 741 1686 non
776 1620 931 1698 traditur3
957 1619 1065 1685 fecisse
1087 1620 1214 1684 videtur
1238 1620 1324 1704 quod
1346 1620 1502 1687 faciebant

375 1735 517 1823 plerique
546 1734 601 1799 illa
630 1740 749 1799 aetate:
784 1736 861 1798 iram
891 1733 1033 1799 cohihcrc
1065 1741 1098 1799 et
1125 1740 1245 1812 tacere;
1270 1757 1353 1799 unus
1376 1743 1502 1801 tantum

376 1855 462 1914 extat
502 1847 588 1913 locus
629 1845 684 1911 ubi
725 1846 763 1911 de
806 1848 1011 1933 protervitate
1052 1854 1217 1933 poetarum
1261 1844 1405 1931 queritur
1447 1831 1511 1934 qui

377 1961 533 2041 „adlaturos
564 1958 665 2026 advena
694 1961 818 2026 ἀσκοῦσι
848 1960 977 2042 χάριτας
1006 1961 1182 2042 aspriora?
1213 1968 1245 2026 et
1279 1968 1406 2041 „orbeis
1440 1963 1502 2045 πέρι

376 2075 500 2156 ἀχάλιν’
530 2072 632 2154 ἔχουσι
661 2074 833 2152 σώμαι-αἶ
869 2074 906 2139 fr.
939 2074 1057 2139 Melan.
1090 2072 1129 2138 V.
1163 2078 1238 2138 495.
1264 2075 1502 2161 Aristophanem

375 2196 481 2253 tamen
503 2188 645 2274 parodias
660 2210 739 2252 snas
764 2210 826 2253 non
851 2188 967 2252 frustra
989 2176 1147 2274 scripsisse
1168 2188 1282 2253 docent
1302 2192 1415 2255 mutati
1436 2212 1505 2277 pro

379 2303 443 2388 logi
465 2301 695 2387 tragoediarum
718 2301 874 2380 Archelai,
899 2300 1017 2382 Phrixi,
1043 2301 1207 2387 Meleagri.

423 2414 541 2480 Omnes
561 2414 616 2479 has
632 2415 776 2500 parodias
788 2438 837 2479 me
849 2438 909 2479 non
923 2415 1077 2479 invenisse
1088 2415 1175 2480 ultro
1188 2416 1395 2502 intellegitur.
1416 2416 1503 2482 Diffi-

377 2529 437 2595 cile
465 2535 513 2593 est
541 2550 593 2592 eas
620 2550 637 2591 e
668 2528 810 2614 partibus
835 2528 967 2593 choricis
997 2536 1029 2593 et
1051 2528 1172 2593 melicis
1195 2552 1303 2594 eruere
1327 2528 1381 2595 nbi
1403 2553 1506 2616 neque
1587 2545 1597 2557 '

377 2643 526 2708 sermonis
543 2640 676 2706 varietas
694 2663 797 2726 neque
815 2642 938 2706 numeri
957 2641 1038 2706 viam
1059 2648 1242 2708 monstrant.
1266 2643 1352 2725 Quin
1364 2645 1459 2709 etiarn
1471 2646 1505 2710 in

377 2755 505 2820 senariis
536 2754 590 2819 ubi
614 2754 843 2820 decernendum
867 2754 909 2820 sit
931 2755 1009 2840 qnid
1032 2755 1210 2841 tragoediae
1232 2757 1274 2821 sit
1296 2756 1502 2839 reddendum,

378 2876 470 2935 cante
493 2867 753 2955 progrediendum
773 2875 829 2935 est.
850 2867 973 2933 Scholia
993 2869 1075 2933 enim
1094 2891 1284 2954 quamquam
1304 2895 1393 2957 saepe
1405 2895 1502 2957 quan·

378 2983 453 3048 tivis
493 2985 570 3047 sunt
611 2982 714 3068 pretii,
758 3005 821 3047 non
855 3005 924 3046 raro
958 2988 1065 3047 tacent
1100 2984 1302 3069 interrogata,
1338 2994 1377 3051 ut
1412 3010 1440 3051 v.
1478 3011 1515 3053 c.-

379 3097 414 3162 in
445 3104 600 3182 postrema
629 3103 717 3181 parte
740 3097 855 3161 Avium
879 3118 916 3160 ex
941 3118 1003 3180 qua
1028 3096 1104 3160 mihi
1127 3097 1253 3162 videtur
1275 3099 1422 3186 Aeschyli
1445 3107 1506 3165 tra·

381 3211 492 3296 gocdia
520 3209 726 3274 Prometheus
758 3210 900 3291 πυρφόρος
927 3201 1094 3295 pellucere,
1124 3218 1181 3275 aut
1203 3212 1236 3276 in
1259 3234 1393 3277 errorem
1415 3214 1505 3279 indu·

379 3331 457 3388 cunt
480 3324 622 3402 lectores,
647 3331 684 3387 ut
707 3322 787 3387 Ach.
812 3325 887 3402 325,
911 3320 1005 3410 Vesp.
1033 3325 1128 3404 1326,
1149 3324 1207 3388 Av.
1230 3326 1304 3406 348,
1328 3328 1423 3408 1242,
1443 3335 1500 3394 ant

380 3444 526 3524 corrupta
560 3444 635 3503 sunt
667 3444 699 3501 et
731 3436 868 3515 confusa,
900 3444 937 3501 nt
964 3435 1035 3501 Rau
1064 3440 1130 3502 465
1162 3460 1228 3523 sqq.
1254 3438 1434 3506 Cavendum
1459 3448 1505 3507 est

379 3552 493 3617 deinde
517 3574 556 3615 ne
579 3549 681 3615 verbis
706 3551 815 3615 comici
838 3558 948 3636 poetae
971 3551 1105 3616 alicuius
1127 3575 1234 3617 versus
1257 3553 1381 3620 subesse
1405 3562 1504 3622 statu-

380 3687 470 3729 amus
500 3663 556 3728 ubi
586 3664 667 3728 nihil
697 3663 760 3728 nisi
790 3664 913 3729 dicendi
940 3687 1039 3750 genus
1063 3664 1217 3743 imitatur,
1241 3667 1376 3752 denique
1397 3692 1436 3735 ne
1458 3671 1506 3734 ni·

380 3777 442 3841 mio
465 3777 662 3863 parodiarum
688 3777 934 3863 indagandarum
960 3777 1066 3842 studio
1084 3778 1169 3843 locos
1188 3779 1302 3863 quibus
1321 3781 1409 3847 nulla
1430 3784 1504 3849 insit

381 3889 564 3970 indicemus,
594 3890 710 3955 nubem
740 3889 963 3977 amplectentes
993 3914 1050 3976 pro
1079 3889 1211 3956 lunone.
1244 3890 1331 3972 Quos
1364 3896 1505 3981 scopulos

386 4005 505 4068 evitare
536 4003 622 4069 nisus
658 4026 744 4083 sum;
778 4026 816 4068 an
850 4004 925 4068 mihi
947 4004 1115 4089 contigerit
1136 3983 1298 4090 peritiores
1320 4007 1504 4074 diiudicent.

432 4116 473 4182 In
495 4118 728 4203 computatione
750 4140 897 4182 versuum
920 4126 1084 4204 poetarum
1103 4119 1296 4185 scenicarum
1316 4129 1347 4186 et
1358 4123 1512 4209 fragmen·

382 4239 490 4297 torum
517 4231 735 4326 Aristophanis
757 4238 885 4297 secutus
908 4254 978 4296 sum
1001 4230 1156 4296 Dindorfii
1179 4233 1348 4299 editionem
1370 4234 1507 4322 Lipsien-

384 4366 465 4427 sem,
480 4344 634 4427 quintam,
663 4344 908 4430 fragmentorum
938 4345 1131 4429 tragicorum
1161 4368 1326 4412 numerum
1361 4347 1510 4437 adscripsi

388 4480 427 4523 ex
458 4456 648 4523 editionibus
678 4457 833 4523 Dindorfii
863 4457 927 4544 (D.)
957 4464 990 4522 et
1016 4457 1156 4524 Nauckii
1187 4458 1266 4548 (N.),
1297 4461 1463 4548 lyricorum
1494 4489 1511 4532 e
