3592 5484
365 634 427 695 128
723 648 1079 694 rursuoruoaruaussr.

340 817 499 896 „lassam”
535 817 622 898 Quid
657 819 742 881 enim
772 817 878 882 obstat
908 817 1078 901 quominus
1107 823 1282 880 statuamus
1314 814 1463 881 Perseum

343 931 550 1018 (Euripidem)
575 931 650 996 haec
673 933 817 996 locutum
837 955 902 994 esse
919 931 1076 996 volantem
1096 931 1129 995 in
1150 937 1230 1008 aere,
1251 931 1290 994 cl.
1304 953 1351 995 vs.
1367 928 1476 996 1014?

344 1043 426 1108 Vera
456 1056 560 1110 tamen
593 1055 640 1110 est
669 1045 772 1109 Beerii
804 1045 964 1110 conclusio
987 1055 1018 1109 et
1042 1043 1081 1110 ob
1106 1046 1167 1110 alia
1192 1067 1273 1129 qnae
1295 1045 1407 1109 attulit
1430 1067 1476 1109 ar·

342 1167 490 1244 gumenta
526 1169 558 1224 et
593 1161 666 1245 quia
702 1159 847 1246 parodiae
885 1160 982 1224 indoli
1013 1182 1187 1245 congruum
1219 1168 1267 1223 est
1297 1159 1336 1223 ab
1360 1182 1397 1224 eo
1419 1160 1475 1245 qui

343 1272 576 1337 Andromedam
599 1282 683 1358 agat,
708 1275 729 1338 i.
742 1297 769 1338 e.
794 1296 813 1337 a
833 1272 1037 1354 Mnesilocho,
1059 1273 1278 1338 Andromedae
1297 1272 1389 1338 verba
1400 1272 1476 1338 reci·

342 1388 411 1450 tari.
444 1386 517 1451 Nou
549 1387 648 1472 igitur
681 1410 806 1452 necesse
837 1394 884 1451 est
907 1387 1064 1464 ἀπέλθοιμι
1087 1387 1118 1451 in
1143 1387 1295 1464 ὑπέλθοιμι
1319 1387 1475 1474 (Bentley)

343 1509 397 1564 aut
420 1501 569 1579 ἐπένθοιριι
593 1501 743 1586 (Brunck)
767 1517 901 1567 mutare.
926 1500 972 1565 cf.
996 1525 1041 1566 rs.
1067 1504 1161 1566 1206.

387 1614 467 1679 Vide
490 1638 553 1700 qna
576 1623 643 1680 arte
667 1616 772 1679 omnia
795 1616 964 1680 detorserit
987 1615 1132 1680 comicus.
1157 1613 1270 1680 Verbis
1289 1616 1379 1696 Φίλιον
1397 1639 1473 1697 πιιρ·

342 1728 410 1793 θὲνοι
432 1728 645 1793 Mnesilochus
670 1728 819 1793 mulieres
842 1728 1027 1813 alloquitur,
1048 1751 1128 1813 quae
1149 1751 1251 1814 neque
1270 1731 1474 1814 diurnoque

341 1843 470 1923 ποιρθένοι
494 1851 593 1921 erant,
618 1851 651 1907 et
674 1843 811 1928 nympha
836 1843 853 1916 ἦ
877 1845 907 1908 ε’ν
929 1843 1040 1924 ἄντροιο
1063 1866 1157 1928 quam
1180 1842 1319 1929 appellat
1335 1852 1384 1909 est
1403 1843 1474 1931 Scy·

288 1984 289 1988 ¹
340 1956 405 2026 tha.
429 1957 583 2043 nymphae
606 1980 668 2021 non
693 1956 862 2022 admodum
886 1958 1007 2038 similis,
1031 1960 1087 2042 qui
1110 1957 1203 2038 ἄντριι
1227 1981 1292 2023 uon
1311 1958 1473 2024 habitabat

340 2071 392 2135 sed
416 2072 544 2135 domum
569 2072 733 2135 introierat
756 2079 794 2134 nt
817 2079 950 2135 stoream
974 2069 1032 2134 sibi
1057 2078 1188 2157 peteret.
1214 2070 1318 2151 Quam
1341 2071 1381 2138 ob
1405 2095 1472 2138 rem

339 2186 432 2249 miror
463 2184 652 2249 Fritschium
683 2187 857 2271 scripsisse:
889 2188 964 2263 „At
986 2187 1143 2269 quomodo
1169 2187 1298 2252 taudem
1323 2187 1469 2273 Scytham

338 2298 417 2376 „his
439 2306 542 2383 potest
564 2298 665 2363 verbis
688 2299 887 2385 compellare,
912 2301 945 2363 τὲ
967 2299 1023 2363 τοὶν
1047 2302 1076 2364 ἐν
1098 2299 1233 2379 ἄντροιςῗ
1257 2300 1346 2365 Num
1372 2302 1472 2386 igitur

338 2462 358 2490 „
368 2413 501 2476 foemina
534 2421 603 2477 erat
636 2414 830 2477 miserrimus
865 2412 1024 2490 lictorum,
1059 2435 1137 2477 num
1167 2414 1303 2497 denique
1337 2422 1466 2478 autrum

339 2527 420 2605 „ille
434 2579 441 2592 .
456 2577 463 2590 .
479 2576 508 2591 ..
533 2526 734 2592 incolebatd’
757 2526 958 2592 Femininum
985 2527 1040 2590 τιὶν
1064 2528 1192 2591 minime
1213 2527 1327 2592 obstat.
1346 2527 1465 2593 Eodem

339 2639 430 2705 modo
452 2664 497 2706 vs.
522 2643 606 2705 1031
631 2642 670 2705 de
694 2664 726 2705 se
750 2642 817 2728 ipso
843 2640 1070 2705 Mnesilochus:
1095 2640 1196 2714 ἕστηκ’
1220 2640 1345 2721 ἔχοντα.

340 2864 393 2931 Vs.
420 2859 525 2929 1022.
562 2866 694 2937 ἄνοικτος
716 2864 746 2938 ἒς
770 2865 804 2943 μ’
829 2865 915 2938 ἔδησε
936 2866 985 2928 τὸν

562 2979 822 3044 πολυστονώτατον
845 2977 964 3058 βροτῶν.

428 3093 530 3158 Schol.
561 3095 643 3175 ποιρὶ
665 3095 698 3157 τὸ
721 3099 773 3157 τοῦ
792 3093 880 3172 χθροιι
903 3094 933 3156 ἐν
956 3091 1148 3174 'nstramus
1174 3089 1225 3154 Fr.
1253 3093 1326 3155 120.

560 3208 691 3280 ἄνοικτος
713 3205 744 3279 ὃς
767 3208 858 3271 vexes
881 3230 915 3269 σε
937 3206 990 3278 τὴν

560 3321 811 3394 πολυπονοτιέτνν
836 3320 946 3400 βροτῶν

560 3438 685 3512 μεθῆκεν
709 3433 804 3516 'Arte
828 3434 945 3513 πέτρος
970 3433 1140 3512 ὑπερθανεῖν.

335 3548 451 3630 πέτροις
475 3572 531 3635 pro
554 3551 664 3630 πιτρὲς
688 3572 760 3613 cum
784 3547 964 3612 Duentzero
987 3553 1019 3611 et
1043 3545 1199 3611 Nauckio.
1224 3546 1299 3611 Non
1323 3549 1405 3612 enim
1430 3553 1468 3613 ut

335 3685 390 3748 pro
424 3670 512 3749 patre
544 3671 677 3727 mortem
703 3661 807 3725 obiret
830 3660 936 3725 bellua
961 3661 1081 3724 marina
1103 3660 1225 3724 obieeta
1251 3668 1327 3741 erat,
1352 3660 1407 3725 sed
1429 3666 1467 3724 ut

336 3779 467 3862 patriam
498 3786 635 3841 servaret
659 3798 740 3860 quae
765 3783 891 3861 propter
916 3776 1023 3838 matris
1046 3772 1240 3859 Cassiopeiae
1265 3797 1337 3839 cum
1358 3774 1468 3840 Nerei·

333 3890 426 3956 dibus
456 3892 496 3955 de
526 3891 624 3954 forma
655 3898 813 3954 certamen
838 3887 1068 3953 devastabatur.
1095 3887 1235 3952 Fritsohe
1261 3891 1372 3970 ματρὸς
1397 3911 1467 3974 pro·

334 4007 448 4090 posuit
485 4003 575 4084 Quae
605 4009 795 4088 sequnntur,
818 4000 867 4067 θ’θε
889 4002 946 4081 γὰρ
969 4002 982 4065 ὁ
1006 4003 1119 4075 Σκθθνς
1143 4002 1216 4080 κτὲ.,
1240 4004 1306 4087 ipse
1331 4003 1467 4067 comicus

267 4097 269 4100 Ι
334 4118 433 4182 finxit.
465 4116 561 4182 Tacet
592 4119 675 4182 enim
706 4116 889 4192 Scholiasta,
913 4116 968 4199 qui
992 4116 1211 4200 praecedentes
1235 4138 1342 4181 versus
1365 4124 1398 4180 et
1421 4140 1464 4181 so

333 4240 466 4315 quantes
499 4254 537 4295 er
572 4231 773 4295 Andromeda
808 4231 923 4316 petitos
953 4253 1018 4294 esse
1049 4237 1194 4294 accurate
1225 4230 1385 4294 iudicavit.
1416 4229 1465 4294 Do

331 4354 431 4411 metro
454 4346 566 4409 horum
592 4367 738 4410 versuum
762 4345 954 4409 dissentiunt
977 4343 1035 4408 viri
1059 4344 1153 4408 docti.
1177 4341 1259 4407 Vera
1277 4343 1357 4407 mihi
1379 4342 1464 4408 ride·

332 4466 386 4523 tur
405 4459 580 4524 Hermauni
599 4459 791 4536 coniectura,
812 4479 907 4542 quam
925 4458 1060 4522 correxit
1078 4456 1194 4542 Euger,
1215 4455 1463 4544 Aristophanem
