3592 5484
836 665 947 710 noers.
1388 654 1430 714 49

331 835 498 916 „dolosam
530 834 579 898 vel
608 832 869 898 inconsideratam
893 833 1123 918 aurigationem
1145 840 1225 898 esset
1247 837 1452 900 confractns.’'

331 949 495 1015 Praeterea
528 971 584 1035 pro
614 946 834 1028 χρυσάμπυκες
863 947 1086 1034 Euphronium
1110 948 1313 1028 χουοάυπυγες
1337 949 1457 1015 dedisse

331 1063 516 1149 suspicatur.
542 1064 586 1126 At
608 1083 711 1146 neque
737 1061 781 1126 ita
805 1061 1024 1148 dispellnntur
1052 1060 1214 1141 tenebrae;
1234 1062 1311 1147 qnid
1328 1064 1411 1128 enim
1423 1065 1464 1129 sit

332 1176 426 1258 τύχοι
456 1175 662 1258 χρυσάυουγες
693 1199 756 1241 non
788 1176 862 1241 satis
895 1198 1051 1261 assequor.
1083 1175 1133 1240 Ad
1158 1175 1250 1241 verba
1273 1174 1293 1241 ὦ
1316 1178 1455 1254 Πολλὰς,

333 1291 371 1366 ὥς
401 1294 435 1370 μ’
459 1293 619 1365 ἀπώλεσας
643 1291 745 1357 Schol.
771 1292 864 1357 Ald.·:
890 1294 1048 1373 Εὐφρόνιος
1071 1291 1103 1356 δέ
1126 1297 1211 1373 Quor,
1235 1289 1306 1358 riri
1330 1293 1459 1367 Πολλὰς

333 1407 393 1471 xri.
415 1405 583 1479 Ξενοκλέους
606 1400 677 1471 risco
702 1386 734 1470 εὐι
758 1411 810 1471 τοῦ
833 1406 1003 1483 Λικυμνίου.
1031 1404 1139 1470 Missis
1160 1405 1251 1469 variis
1274 1405 1456 1472 Scholiasta·

333 1541 402 1583 rum
426 1519 613 1584 coniecturis
635 1518 674 1582 de
699 1518 861 1606 Sophoclis
882 1517 1050 1604 tragoedia,
1065 1517 1103 1582 de
1116 1517 1294 1605 Tlepolemo
1307 1519 1457 1585 histrione

334 1633 384 1697 vel
406 1639 508 1719 pocta,
532 1633 697 1697 verisimile
721 1632 802 1698 duoo
827 1656 885 1696 vss.
912 1634 998 1696 1264
1022 1638 1054 1696 et
1081 1634 1166 1696 1265
1191 1631 1372 1698 eXenoolis
1399 1641 1459 1698 tra·

334 1745 444 1831 goedia
465 1747 580 1833 petitos
605 1770 679 1825 esse,
705 1746 759 1812 sed
783 1747 859 1831 quid
885 1746 1045 1832 scripserit
1064 1768 1174 1831 parum
1195 1755 1326 1813 constat.
1347 1746 1462 1833 Neque

335 1859 421 1925 deest
444 1861 580 1945 gravitas
602 1862 720 1945 tragica
744 1860 846 1926 verbis
870 1862 1023 1946 Amyniae
1042 1884 1100 1926 vss.
1124 1864 1207 1926 1259
1229 1862 1260 1926 ta
1281 1862 1334 1940 μοί
1342 1886 1400 1941 μου.
1415 1862 1460 1927 ἔοι.

336 1981 368 2037 et
393 1976 491 2037 1262.

558 2089 632 2163 cll'3
656 2087 734 2161 ὅστις
758 2089 826 2168 rial,
851 2094 937 2154 τοῦτο
961 2088 1098 2166 βούλεσθ’
1121 2091 1240 2166 etthan

381 2200 430 2265 Ad
461 2199 566 2274 ἵππους
597 2203 725 2268 ἕλουυυυ
755 2226 798 2267 vs.
826 2205 916 2268 1272
941 2203 1042 2268 Schol.
1076 2204 1281 2269 recentiorum
1305 2205 1462 2272 codicum:

336 2313 388 2379 nal
413 2320 496 2381 τοῦτο
518 2318 551 2380 ἐκ
574 2318 735 2397 παρῳδίας.
760 2317 835 2383 Non
858 2325 948 2404 patet
971 2341 1011 2382 an
1035 2319 1113 2383 iure.

338 2543 391 2609 Vs.
418 2535 509 2608 1371
535 2564 579 2627 sq.
604 2543 666 2608 vid.
689 2542 729 2607 ad
752 2543 831 2608 Ran.
856 2546 931 2607 850.

339 2795 393 2862 Vs.
419 2787 523 2859 1397.
571 2790 592 2857 ὦ
614 2798 719 2858 κοινῶν
742 2795 818 2858 ε’πῶυ
843 2793 948 2869 scancia
970 2793 1022 2858 nal
1048 2795 1213 2875 μοχλευποὶ.

382 2910 422 2976 In
445 2909 522 2975 Eur.
547 2907 668 2987 Medea,
692 2931 735 2972 vs.
763 2911 858 2989 1317,
883 2907 938 2972 nbi
962 2906 1051 2972 iubet
1073 2908 1168 2973 Jason
1192 2910 1294 2975 valvas
1319 2908 1378 2975 sibi
1396 2933 1465 2996 ape·

340 3026 405 3104 riri,
437 3023 588 3088 exclamat
617 3020 747 3087 Medea:
779 3021 810 3086 τί
838 3020 932 3087 ποὶσδε
963 3029 1050 3094 κυνεῖς
1079 3021 1316 3102 κοὶυοιμοχλεύεος
1346 3023 1464 3098 πύλυςς

339 3137 426 3203 Haec
454 3159 526 3202 oum
554 3135 773 3221 Aristophanis
797 3135 865 3200 loco
888 3158 998 3221 parum
1024 3136 1225 3200 consentiunt
1249 3135 1302 3200 sed
1326 3135 1463 3201 Porsono

340 3253 464 3319 videtur
497 3273 560 3316 non
595 3249 634 3314 ab
665 3250 756 3315 initio
787 3249 888 3323 πύλοος
918 3249 1076 3336 scripsisse
1105 3249 1297 3336 Euripidem.
1331 3249 1465 3334 Legitur

341 3367 423 3434 enim
445 3367 478 3431 in
500 3367 639 3433 dramate
664 3362 787 3429 Christo
810 3363 952 3449 patiente
976 3386 1020 3428 vs.
1045 3365 1128 3427 436:
1468 3360 1470 3364 ’

569 3478 600 3543 ri
620 3476 723 3543 τούσδε
746 3485 833 3549 κυνεῖς
855 3475 1095 3556 κοὶυοιμοχλεύεος
1120 3476 1239 3554 λόγουςς

343 3604 375 3661 et
410 3593 493 3659 idem
522 3593 586 3657 fere
616 3615 660 3656 vs.
695 3594 768 3670 120,
801 3597 833 3654 et
863 3590 896 3654 in
920 3589 1086 3655 Heliodori
1109 3588 1302 3675 Aethiopicis
1325 3588 1342 3653 Ι
1365 3612 1396 3675 p.
1424 3591 1464 3654 15

344 3709 394 3793 (cl.
431 3706 523 3791 Greg.
560 3704 630 3770 Cor.
663 3704 710 3769 ed.
745 3704 899 3784 sebasten,
924 3726 955 3789 p.
981 3705 1055 3786 203)
1080 3700 1247 3780 „Cnemon
1271 3702 1309 3767 de
1332 3703 1466 3768 fortunis

343 3821 438 3900 „suis
462 3845 480 3885 a
501 3820 666 3906 Theogcne
690 3826 723 3885 et
745 3817 905 3883 Charicles
928 3819 1108 3904 importune
1131 3819 1349 3900 interrogatus,
1369 3817 1467 3882 excla-

344 3942 441 4014 „mat
472 3935 503 4000 ri
531 3939 631 3999 τοῦτο
661 3941 747 4005 κινεῖς
771 3930 1049 4010 κοὶυοιμοχλεύεοςς”
1074 3928 1238 3994 Praeterea
1260 3927 1345 4008 Bast,
1370 3929 1465 4016 Greg.

345 4047 415 4114 Cor.
449 4048 496 4112 11.
528 4055 659 4113 annotat
688 4045 822 4126 „Verba
853 4046 884 4111 πί
911 4050 1012 4110 τοῦτο
1035 4052 1123 4117 κυνεῖς
1145 4043 1382 4124 κοὶυυμοχλεύεος
1404 4044 1466 4130 legi

344 4163 470 4243 „etiam
500 4163 534 4227 in
564 4160 732 4246 scriptione
762 4159 905 4225 nondum
936 4158 1030 4240 edita,
1056 4180 1135 4242 quae
1158 4156 1347 4244 epigraphen
1371 4157 1466 4222 habet

345 4276 536 4358 „Ttaaplou
557 4275 620 4361 jam
645 4274 752 4338 monui
772 4273 804 4337 in
828 4271 938 4336 Lettre
962 4270 1105 4355 Critique
1124 4293 1154 4356 p.
1177 4273 1250 4336 147.
1271 4274 1311 4355 (p.
1335 4273 1398 4334 184
1417 4271 1464 4335 ed.

346 4387 450 4475 Lat.)”
479 4387 612 4454 Duobus
642 4385 800 4473 prioribus
828 4387 906 4451 locis
930 4385 1035 4450 allatis
1059 4385 1103 4449 sic
1125 4385 1228 4470 pergit
1250 4382 1383 4449 Porsen:
1408 4381 1468 4448 Ve-

346 4526 447 4583 „rnm
475 4525 541 4568 rem
571 4524 635 4567 esse
665 4501 749 4566 omni
773 4499 979 4565 admiratione
1003 4497 1218 4584 dignissimam
1240 4497 1393 4562 fateamur
1414 4518 1467 4560 ne·

1323 4612 1336 4649 ⁴
