3592 5484
370 613 431 673 146
850 629 965 674 arnae.

345 799 407 858 tit
434 795 571 875 legatur:
597 796 746 874 Τιθρέσννς
772 795 833 878 (Fr.
858 796 1002 861 emendat
1027 799 1201 885 Timaea)
1224 800 1312 872 τόπος
1335 810 1389 875 πῆς
1413 815 1468 868 Λν-

346 908 431 983 thina.
458 906 504 971 Cl.
529 909 642 972 Bacch.
668 912 744 973 999.

390 1023 465 1084 tls:
489 1023 540 1100 ἐᾷ’
575 1024 613 1092 ἃς
643 1025 700 1098 ἐγὼ
732 1025 870 1103 δρομαῖον
899 1024 1014 1102 eppira
1043 1025 1129 1089 eote.
1155 1023 1297 1105 Quorum
1320 1028 1469 1113 tragicam

345 1133 511 1198 dictionem
546 1158 637 1199 nemo
673 1158 733 1198 non
764 1138 914 1218 agnoseit.
949 1136 1025 1201 Eur.
1058 1139 1127 1202 Alc.
1160 1142 1234 1218 tlt,
1265 1139 1338 1205 Hel.
1373 1144 1469 1224 1319,

346 1246 415 1331 lph.
439 1247 533 1311 Taur.
559 1251 663 1325 lton
688 1251 742 1313 Ar.
767 1249 839 1312 Pac.
867 1251 929 1313 160
953 1251 1093 1329 δρομαίαν
1117 1254 1251 1333 πτέρυγι
1273 1255 1307 1319 in
1331 1258 1468 1342 perodio

391 1361 539 1446 Superest
572 1364 663 1426 utin
688 1364 841 1447 originem
865 1363 975 1428 horum
1000 1385 1145 1430 versuum
1171 1368 1375 1451 inquiramus.
1400 1370 1472 1435 Sus·

346 1475 439 1560 picati
483 1485 559 1540 sunt
602 1476 731 1560 Bergler
773 1477 892 1561 aliique
923 1485 1044 1562 poetam
1080 1479 1238 1544 imitatum
1274 1505 1338 1546 esse
1374 1481 1469 1568 Soph.

344 1587 454 1652 Trach.
481 1593 543 1654 770
567 1613 633 1674 sqq.
659 1589 776 1654 Narrat
795 1589 838 1653 ihi
863 1590 977 1674 Hyllus
1000 1613 1104 1655 casum
1129 1594 1292 1659 Herculis:
1317 1591 1381 1660 sira
1401 1604 1469 1676 φον-

345 1704 406 1774 vta.-
433 1701 566 1791 Ιέχόρὶς
596 1705 717 1782 ἐχίδνης
748 1705 787 1775 il.-
818 1705 855 1776 ὣς
885 1706 1021 1769 {hairum
1044 1703 1049 1793 Ι
1072 1708 1133 1769 tls
1166 1711 1347 1788 σπκρκγμὲς
1380 1712 1470 1776 αὐτοῦ

344 1819 514 1894 πλευμόνων
536 1819 697 1898 avolana.
721 1817 725 1906 l
748 1821 809 1883 iSl
835 1819 929 1895 κόμης
952 1818 983 1883 δὲ·
1006 1823 1106 1884 >aaa
1129 1823 1235 1898 μυελὲν
1259 1824 1386 1901 ἕκρκίνεν,
1413 1824 1467 1900 με’·

343 1954 395 1993 σον
414 1927 420 2016 Ι
440 1934 544 2009 agath·
572 1932 782 2011 δνκππκρέντες
813 1929 941 2008 alam}
973 1934 996 1996 θ’
1027 1933 1110 2010 ὁμσῦ.
1142 1934 1266 2015 Quibus
1295 1944 1399 2000 tamen
1424 1960 1469 2001 as·

345 2045 453 2108 sentiri
474 2068 535 2109 nou
556 2068 646 2128 queo.
668 2045 741 2108 Non
761 2047 845 2109 enirn
866 2046 940 2108 haec
960 2055 1006 2109 est
1024 2047 1170 2131 parodiae
1190 2047 1309 2112 indoles
1328 2051 1470 2114 utunde-

345 2181 469 2242 cunque
504 2159 595 2223 recha
630 2168 841 2242 congerantur
877 2181 956 2243 quae
991 2160 1022 2223 in
1054 2184 1085 2224 re
1116 2161 1235 2225 diversa
1265 2162 1348 2226 dicta
1382 2173 1467 2229 sunt.

346 2272 476 2356 Aliquid
512 2296 675 2337 commune
711 2273 845 2337 habeant
880 2282 933 2337 aut
965 2274 997 2336 in
1029 2297 1061 2337 re
1093 2274 1183 2359 plane
1208 2279 1362 2340 contraria
1385 2279 1468 2342 dicta

343 2389 406 2452 sint
430 2391 468 2451 sal
492 2389 701 2468 πνρρδεὺμενν
726 2412 848 2450 neccsse
871 2400 926 2451 est.
948 2386 1020 2450 Xon
1043 2390 1180 2453 minatur
1201 2390 1315 2474 Hyllus
1336 2393 1387 2455 scd
1402 2415 1469 2456 nar·

344 2510 402 2582 rat,
439 2525 540 2585 neque
575 2509 661 2565 tauta
693 2510 740 2564 est
770 2502 854 2565 iuter
886 2509 1055 2584 utrumque
1089 2501 1191 2565 locum
1221 2483 1396 2568 similitudo
1431 2513 1469 2569 ut

343 2615 426 2680 dicas
456 2616 696 2701 Aristophanem
728 2615 892 2701 Sophoclis
924 2613 1015 2678 uerba
1045 2617 1162 2701 quippe
1187 2617 1259 2680 huie
1283 2617 1350 2681 loeo
1374 2620 1467 2703 aptis·

344 2732 430 2807 sima,
456 2757 512 2796 sua
535 2733 651 2796 fecisse.

389 2846 460 2908 Alia
482 2846 543 2909 luit
566 2845 670 2930 opinio
693 2845 730 2908 Ε.
754 2842 913 2921 lluelleri,
940 2842 1050 2906 Gesch.
1071 2841 1125 2907 der
1143 2843 1274 2907 Theorie
1295 2843 1349 2909 der
1361 2844 1468 2910 Kunst

342 2958 359 3023 I
383 2984 413 3047 p.
440 2965 513 3040 265,
538 2961 621 3046 apud
646 2958 768 3022 Welcl.
794 2957 829 3020 ΙΙ
854 2980 883 3043 p.
910 2960 982 3022 735.
1008 2957 1121 3040 Neque
1145 2980 1182 3021 ex
1205 2957 1368 3043 Euripidis
1386 2957 1466 3022 'Phe-

341 3098 392 3139 seo
415 3098 516 3159 neque
541 3099 556 3138 e
581 3074 741 3159 Sophoclis
766 3071 875 3136 Trach.
896 3093 1002 3135 uersus
1019 3073 1083 3134 470
1105 3095 1170 3155 sqq.
1192 3073 1336 3135 sumsisse
1350 3074 1468 3137 Aristo

340 3188 473 3274 phanem
496 3190 616 3251 censuit
641 3187 694 3251 sed
719 3211 734 3249 e
760 3186 899 3249 dramate
924 3184 1074 3249 Pirithoo.
1099 3185 1186 3249 Idem
1207 3185 1362 3249 Fritschio
1381 3210 1466 3252 men·

339 3312 402 3366 tem
427 3301 524 3366 subiit
547 3303 599 3365 sed
624 3302 810 3364 sententiam
836 3300 970 3363 mutavit
994 3321 1065 3362 curn
1090 3322 1225 3377 „omnes
1250 3300 1328 3363 hanc
1347 3307 1467 3385 tragoe-

338 3417 450 3495 „diam
475 3416 608 3479 Pirithoi
631 3417 757 3479 nomine
782 3437 844 3477 uon
864 3413 974 3476 Thesei
994 3412 1109 3490 dicant,
1129 3420 1161 3476 et
1183 3436 1221 3476 ne
1242 3412 1463 3496 rectequidem

232 3602 237 3610 ,
338 3532 498 3609 „sciamus
523 3539 627 3593 utrum
654 3529 822 3613 Euripides
842 3550 880 3590 au
901 3527 1007 3612 potius
1028 3527 1144 3591 Critias
1162 3535 1313 3610 tyrannus
1327 3525 1464 3590 tabulam

335 3646 551 3729 „scripserit”
576 3651 608 3705 et
633 3644 672 3706 de
695 3643 801 3725 aliqua
825 3641 988 3725 Euripidis
1013 3640 1171 3723 tragoedia
1192 3641 1340 3723 cogitarit
1360 3641 1391 3704 iu
1405 3662 1467 3724 qua

334 3758 448 3843 aliquis
471 3757 600 3821 Herculi
625 3756 816 3843 praediceret
844 3777 906 3839 quo
931 3756 1039 3817 mortis
1062 3777 1174 3838 genere
1199 3753 1404 3817 occumberet.

378 3871 439 3936 Sed
462 3894 568 3936 vereor
590 3881 628 3933 ut
652 3871 702 3933 hic
727 3871 856 3941 Scirem
877 3871 1032 3949 ῷρεντίδες
1054 3870 1215 3949 repara-xi
1237 3870 1365 3933 luerint.
1378 3869 1466 3954 Mag·

333 4008 447 4071 nopere
475 3987 558 4049 enirn
580 3984 697 4049 arridet
722 3983 874 4048 Muelleri
899 3984 1077 4047 coniectura
1101 4004 1182 4058 eum,
1207 3984 1289 4047 sieut
1312 3985 1344 4046 in
1368 3983 1464 4048 Rauis

334 4098 665 4184 Dionysus-Hercules,
698 4100 731 4162 in
751 4097 893 4161 Pirithoo
919 4119 1009 4161 serus
1038 4097 1191 4161 Hercules
1216 4096 1255 4159 ad
1278 4097 1391 4161 inferos
1414 4097 1465 4161 de·

332 4215 489 4278 scenderit
512 4215 624 4277 amicos
648 4212 825 4276 Pirithoum
850 4212 1072 4295 Theseumque
1097 4234 1151 4295 per
1176 4212 1236 4274 rim
1262 4210 1465 4292 liberaturus,

331 4327 414 4412 quod
437 4326 550 4391 docent
574 4327 676 4390 Sehol.
702 4325 805 4389 Tzetz.
830 4348 878 4410 ap.
905 4323 951 4388 N.
972 4325 1024 4388 nal
1046 4325 1185 4402 Πειρίθενς
1206 4325 1261 4401 μὲν
1283 4323 1464 4405 κατεβρώθη,

330 4440 397 4505 ὅδὲ
419 4443 533 4514 Θησεὺς
555 4442 644 4513 c’rdtn
668 4441 736 4520 παρ’
761 4438 953 4519 Ἡρνικλὲςνς·
978 4439 1046 4501 aar'
1065 4437 1230 4516 Εὐριπίδην
1250 4435 1393 4517 σώζονται
1412 4436 1464 4501 καὶ
