3592 5484
359 660 422 722 110
502 711 506 718 .
721 677 1076 724 mnsuoanoamzusan.

377 844 497 910 Verum
521 847 583 942 ‘hac
607 849 867 935 interpretatione
890 870 1001 934 parum
1025 848 1214 934 proficimus,
1238 849 1400 934 quianon
1425 849 1466 917 da

333 964 448 1028 animis
475 986 576 1028 sermo
600 972 657 1042 est,
682 964 737 1028 sed
760 963 799 1027 de
821 963 896 1049 ipsis
920 962 1132 1028 animantibus
1156 962 1256 1029 oculis
1279 972 1312 1028 et
1334 963 1467 1030 auribus

334 1077 494 1163 praeditis.
529 1076 644 1162 Neque
678 1077 829 1162 intellego
863 1100 944 1162 quae
977 1077 1143 1165 adscripsit
1178 1077 1341 1164 Engerus:
1372 1077 1467 1158 „Hic

334 1200 469 1271 „tamen
500 1193 706 1279 intelligenda
737 1200 812 1257 sunt
835 1193 982 1258 animalia
1004 1194 1073 1280 ipsa
1096 1200 1185 1257 motu
1207 1193 1359 1280 praedita,
1383 1193 1467 1260 idco·

333 1330 425 1392 „que
455 1310 489 1372 in
520 1308 646 1374 aethere
670 1309 777 1394 genita
801 1331 866 1374 esse
889 1308 1070 1373 dicuntur.'’
1094 1307 1214 1373 Verum
1238 1315 1287 1374 est
1310 1308 1467 1396 vocabula

333 1431 421 1487 κινεῖν
452 1430 484 1487 et
514 1424 624 1497 κίνησιν
655 1447 746 1511 saepe
777 1447 796 1488 a
824 1423 1016 1511 philosophis
1038 1425 1184 1511 usurpari
1209 1433 1245 1490 ut
1270 1425 1467 1511 significetur

333 1537 582 1622 impulsusque
611 1539 767 1603 elementa
797 1536 900 1602 adhuc
926 1539 1080 1624 permixta
1103 1536 1320 1620 movebantur,
1347 1538 1464 1624 (Schol.

333 1650 414 1716 οὐδὲν
444 1652 502 1732 γὰρ
532 1653 609 1732 dixe
637 1655 773 1726 κινήσεως
796 1653 941 1739 γίνεται),
963 1654 1015 1718 sed
1040 1675 1104 1718 non
1128 1660 1259 1739 apparat
1280 1674 1378 1738 quare
1400 1652 1465 1735 ζῷι

333 1765 384 1830 hic
418 1765 566 1831 dicantur
594 1766 759 1842 κινούμενοι.
793 1762 944 1831 Volnilne
973 1774 1065 1853 poeta
1095 1767 1238 1832 homines
1261 1775 1295 1832 et
1317 1767 1464 1833 animalia

332 1879 527 1965 distinguere
550 1881 590 1945 ab
613 1881 684 1945 aliis
706 1879 789 1962 ζῴοις
811 1890 900 1946 motu
924 1904 987 1947 non
1011 1881 1170 1968 praeditis,
1195 1904 1222 1945 v.
1246 1904 1272 1946 c.
1285 1880 1461 1961 arboribus,

331 2016 412 2079 quae
435 1994 607 2060 secundum
632 1995 811 2074 nonnullos,
831 1998 1047 2081 Anaxagoram
1065 2004 1097 2059 et
1116 1995 1349 2082 Empedoclem,
1363 2017 1464 2079 aequa

330 2108 394 2190 ζῷο
427 2109 540 2174 erant?
569 2109 675 2175 Possis
705 2111 801 2175 etiam
831 2111 971 2176 conicere
1003 2118 1128 2198 poetam
1150 2110 1264 2175 dixisse
1287 2111 1463 2176 animantia

330 2245 465 2307 quorum
499 2225 619 2288 semina
649 2232 742 2289 antea
772 2225 806 2289 in
836 2231 905 2289 atre
937 2223 1248 2290 circumferebantur.
1273 2222 1334 2288 Sed
1358 2226 1463 2290 omnia

327 2338 448 2404 incerta
478 2347 563 2403 sunt.
597 2338 712 2403 Oleum
736 2347 768 2403 et
790 2361 916 2425 operam
940 2339 1108 2425 perdimus,
1132 2339 1251 2424 opinor,
1276 2339 1304 2403 si
1329 2361 1368 2404 ox
1393 2362 1463 2404 ver·

329 2450 378 2515 bis
420 2452 640 2539 Aristophanis
674 2452 802 2537 aliquod
836 2453 986 2539 placitum
1023 2453 1134 2517 elicere
1170 2475 1331 2518 conamur.
1368 2451 1460 2534 Quae

327 2564 512 2653 Euripidem
536 2567 695 2632 dicentem
718 2568 795 2632 iacit
818 2567 912 2632 nihili
934 2573 1064 2632 suntet
1086 2568 1218 2653 speeiem
1243 2575 1372 2632 tantum
1396 2568 1461 2655 pla·

327 2681 383 2745 citi
406 2680 533 2758 habeut,
557 2704 643 2766 qnam
668 2690 766 2746 ίιιιιιοιι
785 2684 878 2748 cerdis
901 2682 1073 2765 Euripideia
1097 2682 1227 2747 ονιιαιιίί.

373 2793 443 2860 Hoc
474 2804 511 2859 ut
540 2795 668 2881 probem
695 2796 800 2861 locum
823 2796 948 2861 afferam
970 2794 1197 2874 Eratosthenis,
1223 2796 1280 2881 qui
1303 2797 1389 2883 fugit
1411 2797 1458 2862 in·

329 2917 493 2996 terpretes.
526 2910 661 2996 Legitur
683 2911 737 2976 Er.
761 2910 877 2976 Catast.
902 2935 928 2976 c.
954 2913 1012 2975 13:
1037 2907 1134 2984 Οὖτίς
1161 2911 1195 2998 (ί
1218 2911 1354 2999 ἡνίοχος)
1380 2913 1460 2977 ἐστιν

188 3078 193 3083 .
241 3062 257 3093 .
328 3024 513 3104 Ἐριχίίνιος,
549 3023 583 3100 ἐξ
609 3027 780 3106 Ἡφιιίοτου
810 3025 859 3090 aa}
891 3034 949 3100 Γῆς
984 3026 1148 3104 γενόμενος·
1177 3032 1279 3092 τοῦτον
1312 3026 1458 3104 λέγουσιν,

327 3135 375 3202 ‘dra
397 3139 410 3202 d
436 3139 509 3212 Ζεὺς
530 3134 607 3204 εἶδεν
630 3144 740 3220 πρῶτον
763 3141 793 3203 ἕν
815 3140 970 3219 ἀνθρώποις
990 3138 1073 3220 ἅρμιι
1092 3136 1241 3220 ζεύξαντα
1260 3137 1367 3213 inus,
1387 3142 1459 3204 dw-

328 3251 427 3329 μέσον
461 3251 517 3318 ὅτι
551 3262 596 3334 τῇ
630 3258 695 3319 τοῦ
729 3254 838 3326 ἡλίου
872 3255 1090 3333 ἀντίμιμον
1123 3255 1340 3328 ἐποιήσατο
1371 3255 1457 3336 διᾳ)1

325 3366 449 3446 ρείοιν,
474 3365 640 3448 ὑποζεύξας
662 3366 770 3440 inca,-
793 3368 920 3441 λευκούς.

370 3479 444 3546 Νοιι
467 3489 545 3546 sunt
567 3481 722 3568 pedestris
745 3483 893 3547 orationis
915 3481 1008 3547 verba
1029 3480 1071 3547 ὅτι
1090 3520 1138 3531 -
1157 3484 1297 3564 διφρείον,
1327 3491 1360 3547 et
1384 3504 1457 3548 cum

323 3594 557 3675 Eratosthenes,
590 3597 645 3680 qui
669 3596 770 3660 multa
793 3618 830 3659 ex
853 3595 1007 3682 Euripide
1031 3596 1153 3682 petivit,
1179 3595 1237 3660 hoc
1261 3596 1329 3682 ipso
1352 3598 1455 3682 capita

326 3731 408 3795 quae
431 3709 601 3795 Euripides
624 3710 662 3774 de
685 3710 890 3775 Erichthonio
913 3718 1068 3776 narrasset
1091 3718 1253 3790 memoret,
1277 3732 1340 3776 non
1362 3717 1459 3775 teme·

325 3825 443 3889 rarium
467 3831 515 3889 est
537 3825 726 3889 contendere
749 3824 934 3911 Euripidem
957 3824 1075 3890 alicubi
1099 3825 1259 3911 scripsisse

697 3939 858 4017 ἀντίμιμον
881 3939 961 4011 ἡλίου
984 3939 1085 4019 δίφρῳ.

368 4052 541 4120 Cuiusnam
553 4055 731 4140 tragoediae
743 4054 801 4118 hoe
813 4054 960 4119 fueritne
971 4056 1110 4118 conicere
1123 4054 1251 4138 quidem
1262 4054 1363 4119 ausim
1377 4076 1450 4118 cum

322 4177 355 4233 et
376 4171 541 4254 sequentia
564 4168 637 4253 (vid.
663 4171 700 4234 lr.
725 4169 802 4233 Eur.
827 4173 906 4250 917)
931 4168 1089 4233 undenam
1114 4168 1254 4234 hauserit
1272 4167 1454 4233 Eratnstho·

324 4306 381 4348 nes
402 4284 579 4349 nesciamus
592 4281 626 4367 ¹).

357 4536 376 4598 ¹)
393 4536 516 4586 Incertior
531 4545 577 4597 eat,
593 4554 643 4588 non
659 4537 859 4588 manamine
873 4535 1044 4603 neglegendus,
1058 4543 1087 4586 nt
1101 4534 1148 4586 hoc
1162 4535 1191 4586 in
1202 4535 1312 4586 transitu
1320 4551 1444 4597 moneam,
