3592 5484
713 599 756 643 nn
777 596 954 643 rnormsns
975 596 1147 642 ncsrrmrs.
1406 577 1468 639 211

412 765 556 830 Fortasse
588 764 646 829 boo
677 764 744 850 ipso
773 764 841 828 loeo
870 763 1037 828 incidimus
1060 762 1094 826 in
1117 762 1297 826 iuncturam
1320 761 1402 825 male
1425 784 1496 826 cou-

367 873 510 930 sutarum
542 864 720 929 fabularum
750 865 967 951 pertinuitque
996 886 1104 927 versus
1139 866 1234 943 1644,
1259 863 1314 950 qui
1337 862 1377 927 eb
1401 863 1499 928 edito

367 966 453 1029 ribus
476 965 597 1043 eicitur,
621 963 662 1029 ed
680 963 873 1043 Phoenissae,
896 988 940 1028 vs.
964 967 1050 1028 1645
1070 971 1188 1042 contra,
1209 964 1265 1052 qui
1285 985 1356 1029 cum
1370 986 1500 1051 sequen-

367 1066 453 1130 tibus
476 1065 630 1146 cohaeret,
655 1064 847 1129 adulteram
872 1065 1021 1130 fabulum.

412 1165 457 1231 II.
483 1165 683 1254 Colloquium
713 1167 890 1252 Antigonae
922 1174 954 1231 et
985 1167 1157 1254 Oedipodis
1190 1166 1422 1234 1744÷175u
1450 1165 1499 1232 De

371 1270 455 1333 1746
480 1290 546 1355 sqq.
571 1268 632 1330 iam
657 1268 733 1332 dixi.
759 1270 925 1332 Praeterea
949 1292 1012 1333 non
1036 1270 1247 1334 omittendum
1272 1277 1386 1333 estus.
1414 1271 1499 1334 1744

368 1368 567 1454 praecedenti
602 1391 665 1433 non
696 1377 768 1454 apte
800 1369 974 1434 cohaerere.
1001 1369 1112 1434 Subito
1136 1371 1252 1435 transit
1275 1370 1434 1455 Antigone
1459 1369 1499 1433 ad

369 1470 473 1535 fratris
497 1491 613 1546 necem,
638 1468 734 1534 oblita
754 1491 834 1557 quae
854 1492 897 1534 vs.
920 1471 1005 1534 1743
1025 1471 1241 1536 affirmaverat.
1261 1469 1400 1535 Gloriam
1414 1471 1498 1534 enim

369 1570 408 1634 de
439 1593 502 1658 qua
531 1570 674 1657 loquitur
697 1571 826 1656 adipisci
850 1593 913 1635 non
937 1578 1061 1656 poterat
1084 1572 1110 1636 si
1134 1572 1260 1638 fratrem
1285 1572 1416 1657 sepelire
1439 1570 1499 1634 sibi

369 1679 566 1758 proponeret.
602 1671 670 1735 Iam
704 1673 884 1759 antiquitus
916 1674 1019 1737 conati
1051 1680 1126 1737 sunt
1158 1675 1344 1758 interpretes
1376 1694 1500 1736 versum

374 1775 459 1838 1744
490 1775 688 1859 praecedenti
721 1773 948 1867 quodammodo
973 1775 1130 1859 adaptare.
1155 1774 1195 1839 In
1220 1772 1365 1839 omnibus
1388 1773 1500 1837 codici·

372 1873 430 1938 bus
453 1874 586 1958 legitur:

549 1975 666 2041 τάλαιν’
690 1977 747 2054 ἐγὼ
771 1973 914 2054 ξυγγὸνιν
939 1976 962 2041 θ’
992 1976 1182 2056 ὑβρισμάτων

373 2097 453 2165 quae
475 2099 546 2140 vera
569 2077 663 2141 lectio
686 2100 752 2141 esse
776 2078 897 2165 nequit.
924 2077 970 2140 Ut
994 2078 1108 2164 aliquis
1132 2078 1277 2142 evaderet
1296 2099 1406 2152 nexus,
1427 2098 1502 2140 non·

373 2176 455 2241 nulli
479 2185 648 2262 praeeunte
672 2178 836 2243 scholiasta
860 2180 1078 2242 coniecerunt:
1103 2180 1162 2255 ἐγὼ
1187 2183 1237 2242 σοῦ
1260 2175 1361 2256 Euryp..
1387 2175 1501 2241 Nauck

372 2279 449 2354 ἐμῶν
472 2276 574 2356 ξυγγ,
599 2279 653 2342 sed
675 2288 791 2343 neutra
816 2281 993 2343 coniectura
1019 2278 1235 2344 difficultatem
1260 2278 1355 2342 tollit.
1381 2278 1503 2342 Deinde

372 2381 509 2464 suspecti
540 2389 616 2444 sunt
646 2402 703 2444 vss.
740 2383 823 2446 1758
848 2403 914 2468 sqq.
941 2379 1012 2442 Duc
1035 2381 1153 2464 priores
1177 2376 1197 2443 ὦ
1223 2380 1340 2461 πάτρας
1364 2418 1409 2427 -
1432 2379 1503 2459 detq

373 2503 389 2543 e
413 2478 612 2545 Valckenarii
635 2483 791 2546 sententia
815 2481 878 2546 huc
902 2481 983 2545 illati
1007 2489 1083 2544 sunt
1108 2504 1124 2545 e
1149 2481 1308 2566 Sophoclis
1329 2479 1407 2544 Ocd.
1430 2480 1503 2564 Tyr.

377 2583 462 2645 1524
497 2607 554 2671 sq,
587 2591 619 2646 et
648 2607 692 2648 vs.
727 2585 823 2663 1761,
856 2588 906 2646 νῦν
930 2581 1038 2659 άτιμις
1062 2583 1152 2655 αὐτὸς
1175 2583 1281 2662 οἰκτρὸς
1304 2579 1503 2658 ἐξελαύνομαι

375 2685 486 2763 χθονός,
518 2683 613 2747 refert
637 2706 712 2749 vsm.
738 2686 812 2760 627,
838 2685 875 2756 ὡς
898 2683 1005 2760 άτιμις
1030 2683 1127 2763 οἰκτρά
1152 2682 1283 2763 πάσχων
1306 2680 1502 2759 ἐξελαύνομαι

375 2784 488 2863 χθονός,
523 2783 615 2848 cerba
649 2784 806 2869 Polynicis
840 2785 973 2869 patriam
1002 2783 1220 2871 relinquentis.
1252 2782 1410 2847 Videntur
1443 2805 1502 2847 vss.

377 2886 462 2948 1758
487 2907 551 2973 sqq.
577 2885 678 2950 additi
701 2909 767 2949 esse
790 2883 829 2948 ab
854 2907 889 2948 co
914 2888 969 2973 qui
994 2884 1179 2950 Phoenisses
1202 2884 1427 2949 retractaverit.

421 2986 480 3050 His
504 2987 651 3071 expositis
673 3008 735 3050 non
759 2987 1076 3072 praetermittendum
1101 2995 1148 3051 est
1172 2994 1394 3070 argumentum
1418 2985 1503 3074 quod

376 3093 479 3150 toturn
502 3085 586 3174 qnod
607 3088 746 3151 exstruxi
769 3086 945 3151 aedificium
957 3087 1143 3152 labefactare
1155 3086 1289 3166 videtur,
1303 3110 1339 3151 ex
1354 3086 1502 3172 Aeschyli

378 3187 463 3273 Sept.
498 3211 525 3251 a.
561 3187 657 3252 Theb.
693 3189 838 3274 petitum.
877 3189 995 3272 Aperte
1026 3188 1106 3252 hunc
1135 3189 1328 3273 tragoediam
1359 3189 1503 3253 imitetur

377 3289 554 3375 Euripides,
584 3289 618 3353 in
649 3312 684 3352 ea
707 3298 812 3353 autem
837 3288 943 3352 eadem
968 3289 1031 3352 fere
1055 3290 1219 3375 profitetur
1243 3290 1401 3374 Antigone
1425 3311 1505 3376 quae

378 3390 537 3477 Euripidis
560 3388 736 3455 Phoenissis
759 3390 943 3454 abiudicari.
970 3390 1066 3476 (Sept.
1091 3394 1176 3455 1626
1194 3415 1260 3480 sqq.
1279 3391 1398 3456 Phoen.
1418 3392 1504 3455 1645

378 3494 457 3578 sqq.)
487 3490 711 3556 Gravissimum
743 3498 800 3571 cst,
829 3514 892 3555 non
914 3492 1042 3570 infitior,
1067 3493 1125 3557 hoe
1148 3500 1371 3578 argumentum
1394 3500 1426 3555 ct
1449 3491 1504 3555 diu

378 3592 570 3657 consideravi
605 3615 644 3656 an
679 3592 808 3656 fortasse
844 3593 937 3656 sliam
972 3594 1091 3678 aperire
1122 3616 1242 3680 possem
1275 3591 1505 3678 interpretandi

378 3696 470 3771 viem,
505 3715 613 3757 verum
646 3693 766 3757 nullom
798 3694 902 3757 inveni
934 3703 966 3757 et
995 3695 1140 3759 omnibus
1166 3697 1328 3782 perpensis
1350 3694 1506 3758 sententia

378 3817 441 3860 non
464 3795 589 3859 desisto.
614 3793 725 3858 Potuit
743 3793 910 3880 Euripides
929 3796 962 3858 in
982 3795 1222 3861 Phoenisserum
1241 3798 1302 3861 fine
1315 3795 1505 3880 Aeschylum

379 3919 443 3961 non
473 3896 590 3960 imitari
621 3917 811 3983 quamquam
841 3897 874 3959 in
907 3896 1017 3959 multis
1040 3895 1078 3959 ab
1102 3919 1138 3959 eo
1161 3898 1287 3982 pendet,
1313 3920 1374 3961 non
1399 3897 1505 3981 potuit

380 3996 513 4062 scribere
537 4020 617 4084 quac
640 4021 657 4061 a
681 4021 756 4062 sana
778 3999 898 4061 ratione
920 3995 1097 4075 abhorrent,
1119 4020 1179 4062 non
1201 3999 1306 4082 potuit
1324 3998 1506 4081 Antigonen

380 4100 494 4184 fingere
526 4121 590 4162 uno
620 4098 682 4162 fere
709 4106 816 4163 tenore
848 4098 1080 4183 praedicantem
1111 4121 1141 4161 ce
1163 4122 1228 4162 ιιιιιι
1249 4107 1337 4182 patre
1359 4096 1455 4164 vicere
1477 4106 1507 4162 et

380 4204 452 4264 mori
474 4201 661 4264 constituisse
680 4208 712 4263 et
729 4201 892 4282 periculum
912 4200 1019 4281 cupitis
1038 4223 1069 4263 sc
1088 4201 1162 4263 celle
1179 4202 1263 4264 adire
1271 4200 1393 4286 fratris
1405 4223 1506 4264 causa.

381 4301 427 4365 Ut
456 4301 581 4365 tandem
614 4309 750 4365 revertar
781 4299 865 4364 unde
895 4300 1053 4385 proiectus
1077 4322 1163 4365 sum:
1187 4322 1330 4384 magnam
1354 4300 1420 4363 veri
1442 4322 1507 4385 spe

380 4403 459 4467 ciem
481 4400 575 4465 habet
597 4403 702 4487 opinio
727 4401 909 4485 Hartungii,
932 4402 964 4465 in
984 4399 1168 4465 Phoenissas
1187 4402 1339 4466 nonnulle
1358 4424 1394 4465 ex
1414 4400 1507 4465 Euri·
