3592 5484
369 642 432 704 132
730 660 1089 706 rnusnornomaznsaa.

346 828 486 891 Perseum
516 828 731 914 appellavisse.
763 828 837 914 Ipsa
869 829 996 914 parodia
1025 830 1133 892 comici
1164 828 1316 893 indicium
1339 838 1387 894 est
1411 840 1473 895 tra·

345 943 472 1026 goediae
497 942 589 1006 verba
613 944 646 1005 in
671 942 757 1006 hunc
781 943 920 1007 ordinem
937 943 1087 1029 disposita
1106 945 1220 1009 luisse:
1242 944 1389 1010 Gemitus
1409 945 1477 1009 odit

345 1056 545 1120 Andromeda
553 1084 562 1134 3
594 1065 718 1120 resonat
741 1080 816 1134 vox3
844 1059 976 1121 miratur
999 1058 1199 1122 Andromeda
1222 1059 1354 1144 opinans
1377 1058 1477 1124 homi·

346 1171 394 1232 nis
425 1192 530 1233 vocem
555 1194 587 1234 se
616 1169 726 1234 audire
751 1178 783 1234 et
806 1178 896 1254 rogat
919 1171 956 1234 σὺ
979 1171 1006 1236 δ’
1030 1167 1059 1235 εἶ
1076 1172 1120 1242 τίς
1144 1170 1222 1244 ὅστις
1245 1173 1353 1250 τούμὸν
1376 1175 1476 1253 ᾤκτει-

345 1310 398 1362 ρις
428 1287 536 1361 ailam
571 1287 686 1349 ilerum
716 1294 841 1350 resonat
864 1286 950 1350 Echo
973 1285 1070 1351 donec
1093 1286 1250 1371 intellegit
1273 1287 1474 1353 Andromeda

345 1401 421 1465 falsa
444 1426 477 1465 se
501 1403 601 1466 teneri
626 1404 774 1488 opinione
798 1424 900 1486 neque
924 1401 1080 1466 hominem
1105 1425 1171 1466 esse
1193 1402 1249 1486 qui
1272 1401 1331 1466 sibi
1351 1394 1477 1489 respon·

344 1515 417 1580 deal
439 1515 493 1580 sed
516 1517 606 1595 Ἠχὼ
630 1517 725 1594 λέγων
749 1516 886 1595 ἐπῳδόν.

388 1629 461 1694 Non
496 1630 595 1714 igitur
631 1652 732 1694 unum
767 1629 920 1694 habemus
955 1631 1165 1714 fragmentum
1199 1628 1302 1694 tribus
1333 1629 1475 1694 versibus

343 1752 489 1809 constans
512 1743 576 1821 sed,
600 1745 626 1807 si
650 1767 758 1809 revera
781 1767 825 1808 vs.
854 1746 936 1807 1101
961 1743 1152 1829 Euripideus
1175 1751 1231 1821 est,
1255 1744 1325 1807 tria

346 2030 398 2096 ls.
428 2024 518 2093 1065
544 2054 609 2114 sqq.
725 2027 747 2094 ὦ
770 2027 839 2105 Νὺξ
860 2030 930 2110 ἱερὰ.

636 2146 747 2223 asapia
770 2147 807 2217 ὥς
831 2143 969 2221 inaudax
992 2145 1110 2216 ardun,

634 2259 816 2338 ἑστερεειδέκ
840 2263 917 2323 vira
941 2257 1102 2339 διφρεόευέ

636 2374 742 2453 αἱύέρες
765 2373 836 2452 ἱρᾶς,

635 2493 687 2551 τοῦ
711 2486 894 2564 oraverim
918 2486 954 2551 δι’
975 2485 1147 2562 ’omnem

388 2648 496 2714 Varias
530 2652 667 2715 virorum
699 2652 863 2716 doctorum
896 2651 1089 2714 ooniecturas
1120 2648 1190 2712 vide
1213 2671 1262 2734 ap.
1287 2647 1468 2713 Nauckium

343 2775 372 2827 et
395 2762 491 2829 Dind.
517 2765 553 2828 fr.
575 2766 652 2829 Eur.
676 2768 749 2829 114.
771 2763 1464 2844 811101.ετοῦπροὶέγουἈνδρσμεῖιςεὶσβσὶή.

343 2877 474 2954 Elrsselol
507 2887 554 2943 est
584 2880 774 2957 „initium”
800 2889 836 2943 ut
860 2877 1035 2942 observavit
1057 2901 1084 2940 a.
1107 2876 1138 2940 h.
1162 2878 1184 2941 l.
1207 2876 1321 2960 Enger,
1347 2877 1404 2960 qui
1428 2876 1467 2941 de

343 2990 400 3055 hoo
429 3015 504 3055 voce
527 3014 597 3056 cum
623 2992 779 3056 Fritsohio
802 2991 987 3076 disputavit.
1011 2990 1120 3055 Minus
1143 3000 1225 3055 reete
1248 2988 1346 3054 Dind.
1371 2989 1411 3053 ad
1434 2991 1471 3054 lr.

342 3105 453 3170 Aesch.
487 3109 568 3169 141:
601 3107 752 3184 ‚stirsseal
776 3106 814 3170 de
839 3108 938 3192 primo
961 3105 1086 3170 fabulae
1110 3128 1200 3170 versu
1220 3105 1341 3169 dictum
1365 3104 1472 3169 simili·

342 3225 421 3295 „ter
455 3242 503 3304 ap.
539 3220 635 3283 schol.
667 3220 746 3284 Ran.
782 3224 797 3283 1
831 3228 864 3283 et
895 3219 1018 3284 Thesm.
1054 3221 1169 3284 1065.”
1194 3219 1359 3304 Nusquam
1383 3220 1470 3304 quod

341 3332 434 3395 seiam
465 3332 504 3396 de
529 3334 629 3417 primo
653 3356 742 3397 versu
767 3333 895 3410 dieitur,
920 3334 973 3398 sed
998 3333 1159 3418 deprimo
1183 3332 1306 3397 fabulae
1329 3333 1379 3397 vel
1403 3356 1469 3398 ora·

340 3446 435 3509 tionis
466 3448 633 3525 sententia,
667 3447 705 3511 de
730 3448 830 3532 prima
854 3448 953 3531 igitur
978 3448 1097 3532 prologi
1121 3447 1170 3511 vel
1192 3448 1343 3532 prooemii
1368 3455 1468 3532 parte.

339 3558 441 3622 Schol.
465 3559 544 3624 Ran.
572 3564 600 3638 1,
626 3559 681 3624 ubi
705 3561 840 3646 legitur:
865 3562 948 3633 εὐθὺς
971 3562 1001 3625 ἐν
1024 3571 1059 3639 τῇ
1080 3560 1199 3638 εἰσβολῇ
1220 3560 1379 3636 δικβαὶὶλει
1400 3561 1467 3633 τοὺς

336 3675 492 3752 κωμῳδοὺς
527 3677 565 3746 ὡς
596 3677 717 3752 remla,-
746 3675 926 3755 χρωμένους,
957 3673 1144 3739 vocabulum
1175 3674 1294 3752 εἰσβολὴ
1319 3696 1382 3738 111
1407 3675 1468 3758 pri·

337 3809 423 3850 mum
456 3810 578 3851 versum
611 3789 743 3853 denotat
774 3788 827 3852 sed
851 3790 978 3852 initium
1002 3788 1150 3871 colloquii
1176 3788 1304 3871 Dionysi
1329 3796 1360 3851 et
1384 3786 1469 3851 Xau-

336 3901 431 3964 thiae.
453 3899 556 3965 Schol.
574 3901 698 3965 Thesm.
721 3905 806 3966 1065
828 3925 889 3966 non
910 3901 1058 3986 deprimo
1071 3908 1194 3965 tantum
1210 3901 1261 3964 sed
1274 3900 1312 3964 de
1325 3902 1468 3984 quinque

336 4013 492 4098 prioribus
513 4015 654 4079 versibus
678 4039 779 4080 sermo
799 4023 857 4080 est.
878 4015 966 4079 Idem
979 4014 1102 4079 obtinet
1113 4039 1161 4100 ap.
1176 4014 1264 4078 Suid.
1278 4015 1310 4078 in
1322 4038 1352 4078 v.
1365 4013 1461 4095 Ἀρι-

336 4150 385 4198 τες
408 4128 528 4207 Σσὶεὺς,
554 4127 627 4191 ubi:
653 4128 764 4206 βιβλία
787 4126 823 4192 ὦν
847 4130 1010 4205 θαυμάσιος
1033 4128 1050 4201 ἡ
1074 4128 1205 4205 sindoni.
1233 4128 1305 4192 Alia
1325 4128 1468 4214 exempla

334 4240 422 4303 affert
452 4239 603 4306 Thesaur.
636 4240 674 4304 L.
706 4242 761 4306 Gr.
794 4243 815 4305 i.
846 4261 876 4305 v.
900 4240 989 4319 alell„
1014 4240 1128 4325 quibus
1151 4240 1229 4304 eddo
1254 4240 1355 4305 Schol.
1380 4240 1461 4306 Rau.

333 4355 436 4417 1219:
471 4354 648 4433 alcardeae·
684 4356 716 4419 δὲ
748 4355 764 4428 ἦ
795 4354 888 4436 ἀρχή.
922 4354 1080 4432 dindima
1111 4354 1143 4419 δὲ
1164 4352 1218 4426 τὴν
1240 4354 1385 4432 ὁμοειδίαν
1409 4360 1466 4419 τῶν

329 4465 472 4543 εἰσβολῶν
495 4474 553 4532 τῶν
577 4471 749 4549 δριμέων.
