3592 5484
718 629 1070 676 rnrsrrornonrazusnn.
1371 615 1434 677 119

331 852 352 882 ,,
362 802 461 867 dixit:
494 799 566 878 γυνή
595 823 629 863 τε
652 797 771 863 πάντων
795 797 975 878 ἆγριῶτκτον
997 797 1116 862 κακόν.”
1141 797 1235 880 Quod
1258 799 1461 865 vehementer

333 915 453 979 dubito.
479 911 584 976 Nimis
609 911 692 975 enim
717 911 894 996 discrepant
914 910 1083 996 Euripidea
1107 909 1199 976 verba
1216 910 1255 975 ab
1279 913 1461 999 Aristopha-

331 1030 408 1094 neis.
434 1030 585 1092 Attamen
609 1024 700 1106 alyne
724 1024 804 1090 κακά
828 1026 962 1090 sermoni
986 1025 1173 1090 comicorum
1196 1048 1260 1091 non
1284 1049 1460 1111 congruum

332 1152 379 1209 est
409 1166 511 1228 neque
543 1164 676 1226 usquam
702 1142 735 1205 in
760 1141 919 1205 comoedia
942 1139 1039 1222 ἄγριος
1063 1140 1119 1205 hoc
1142 1142 1319 1226 significatu
1343 1143 1461 1207 inveni·

331 1269 394 1325 tur.
419 1258 542 1344 Tragici
565 1257 677 1322 dicunt
700 1257 789 1337 ἀγρία
813 1257 901 1336 νόσος,
927 1255 1020 1341 Soph.
1044 1255 1125 1321 Phil.
1148 1259 1219 1338 173,
1241 1257 1316 1322 Eur.
1336 1256 1458 1338 0134,

333 1374 421 1455 ἄγρα
455 1373 627 1454 τραύμιτκ,
662 1371 738 1436 Eur.
769 1369 868 1435 Andr.
901 1373 996 1434 1155.
1029 1370 1237 1455 Etragoodia
1260 1373 1359 1456 igitur
1381 1372 1462 1437 hanc

332 1488 521 1554 locutionem
552 1486 724 1572 depromsit
754 1484 988 1571 Aristophanes,
1020 1484 1073 1548 sed
1104 1492 1227 1550 tantum
1261 1495 1298 1550 nt
1328 1487 1460 1551 occasio

332 1623 401 1666 nem
426 1600 577 1686 reperiret
600 1600 761 1684 sequentis
784 1618 891 1663 versus
914 1598 1132 1682 subiungendi‚

533 1747 582 1814 ἅτ’
605 1751 635 1813 ἐν
657 1749 779 1829 ἀγρίοισι
801 1756 864 1820 τοῖς
886 1748 1031 1828 λαχάνοις
1054 1749 1145 1821 αὐτὸς
1167 1750 1298 1830 τραφείς.

331 1922 394 1985 quo
418 1899 508 1977 ridet,
534 1898 586 1964 sed
612 1921 674 1964 non
697 1897 866 1962 admodum
890 1898 997 1978 facete,
1023 1899 1225 1984 etymologias
1245 1907 1277 1962 et
1292 1899 1458 1999 verborum

333 2014 422 2079 lusus
458 2035 538 2098 quos
568 2011 716 2076 amabant
746 2011 857 2097 tragici
888 2019 942 2075 ut:
975 2011 1141 2092 Μελὲκγρε,
1174 2011 1287 2090 aradae
1311 2013 1369 2094 γάρ
1393 2015 1460 2078 ποτ’

333 2127 463 2209 clypeatae
493 2125 589 2207 clypea
617 2126 694 2191 Eur.
719 2125 755 2190 lr.
783 2128 856 2189 521.
882 2131 914 2190 et
933 2125 1046 2189 similia
1069 2124 1107 2190 cl.
1131 2126 1188 2210 Eq.
1216 2128 1311 2207 1258,
1334 2125 1458 2191 Theam.

332 2244 407 2321 455,
434 2243 531 2318 1215,
555 2240 593 2304 11.
618 2241 693 2303 321.
719 2238 865 2304 Ceterum
889 2262 926 2302 ex
950 2239 1007 2303 hoc
1025 2239 1156 2323 aliisque
1176 2239 1315 2304 eiusdem
1336 2241 1460 2324 generis

337 2354 483 2419 conviciis
506 2354 539 2418 in
562 2352 747 2440 Euripidem
774 2353 885 2417 humili
907 2352 974 2418 loco
999 2361 1120 2432 natum,
1141 2353 1218 2417 Ach.
1237 2356 1313 2433 478,
1333 2354 1391 2438 Eq.
1409 2357 1461 2433 19,

332 2468 411 2534 Ran.
445 2472 519 2547 840,
551 2468 700 2533 docemur
731 2474 850 2552 quanto
882 2490 984 2532 amore
1007 2468 1206 2553 optimatium
1229 2468 1373 2554 partibus
1396 2477 1461 2534 stu·
1509 2475 1511 2479 ’

331 2582 418 2647 deret
442 2581 678 2667 Aristophanes,
702 2581 868 2668 populares
891 2580 1073 2669 despiciens.

333 2868 387 2934 Vs.
412 2861 618 2932 466-519.
643 2865 716 2931 Vid.
752 2867 801 2932 ad.
837 2867 914 2931 Aclr.
951 2871 1136 2934 496-556.
1172 2870 1345 2934 Scholiasta
1380 2871 1461 2936 nihil

331 2988 463 3047 annotat
493 2982 554 3046 nisi
584 2981 624 3046 ad
657 3004 701 3045 vs.
735 2984 816 3045 518:
848 2981 930 3060 erepat
952 2980 991 3045 roi
1013 2983 1045 3046 ἐκ
1069 2981 1220 3064 Τηλέφου.
1247 2984 1328 3056 51δὴ
1353 2984 1460 3061 θυμού-

332 3099 409 3176 μεθα
430 3097 492 3160 κτὲ.

336 3383 389 3449 Vs.
416 3375 497 3446 582.
534 3382 565 3446 rl
587 3382 613 3446 δ’
640 3380 726 3455 ἔστιν,
752 3375 872 3457 daran
896 3382 999 3446 παῖδα
1022 3380 1080 3462 γάρ
1102 3383 1131 3447 o'
1154 3383 1227 3456 εἰκὸς
1251 3391 1359 3448 καλεῖν.
1442 3397 1445 3405 ’

377 3521 511 3588 Versum
534 3521 690 3606 tragicum
714 3520 840 3585 subesse
863 3527 991 3606 apparet
1013 3520 1039 3584 si
1062 3543 1273 3607 comparamus
1295 3520 1388 3608 Vesp.
1414 3545 1458 3587 vs.

337 3638 431 3714 1297,
456 3636 512 3720 qni
536 3658 574 3699 ex
597 3633 739 3698 eiusdem
763 3657 870 3699 versus
892 3634 1068 3698 imitatione
1091 3642 1184 3699 natus
1209 3642 1265 3699 est.
1290 3633 1365 3701 Non
1388 3658 1460 3700 con·

332 3757 394 3814 stat
424 3749 463 3814 de
494 3772 538 3813 vs.
566 3751 639 3828 586,
665 3749 720 3832 qui
743 3747 837 3812 etiarn
860 3748 1050 3831 tragoediam
1074 3748 1164 3833 sapit,
1189 3748 1258 3828 πρὸς
1278 3756 1355 3814 ποῖον
1378 3747 1460 3830 ἔργον

333 3862 350 3938 ἢ
375 3863 449 3936 τίνος
472 3864 595 3942 γνώμης
617 3863 723 3941 zelam
750 3861 839 3925 Idem
863 3883 955 3947 porro
978 3868 1025 3925 est
1048 3861 1186 3926 incessus
1210 3862 1358 3927 orationis
1382 3861 1459 3927 Clis-

332 3976 435 4041 thenis
465 3980 528 4042 574
552 3998 618 4061 sqq.
645 3982 678 4039 et
700 3974 832 4039 ancillae
856 3975 931 4039 Eur.
957 3974 1054 4039 Andr.
1081 3978 1121 4039 56
1146 3997 1212 4059 sqq.
1238 3974 1331 4040 Absit
1353 3982 1460 4040 tamen

333 4099 370 4156 ut
405 4090 622 4176 Aristophanis
653 4087 746 4153 verba
778 4088 873 4154 huius
903 4087 962 4152 loci
990 4087 1146 4174 parodiam
1171 4112 1236 4153 esse
1260 4088 1458 4155 contendam.

332 4204 382 4269 Ita
415 4205 497 4268 enim
533 4204 662 4267 triverat
697 4202 831 4286 tragicos
863 4203 999 4265 comicus
1034 4209 1071 4266 ut
1100 4225 1200 4288 saepe,
1231 4201 1286 4267 ubi
1320 4203 1457 4287 graviter

332 4317 496 4402 loquentes
529 4317 693 4381 induceret
724 4338 880 4401 personas,
911 4315 1091 4400 imprudens
1117 4339 1168 4380 eos
1198 4317 1384 4381 imitaretur.
1411 4315 1458 4381 Cl.

333 4433 370 4497 11.
395 4433 450 4497 Ar.
476 4434 552 4497 397.
