3592 5484
835 692 952 736 11111.
1369 675 1426 735 151

331 873 385 940 Vs.
411 867 491 936 949.
527 874 597 937 ἀλλ’
622 871 723 951 ἔλεγεν
746 873 763 946 ἡ
786 872 860 952 γυνή
884 873 917 937 ‘re'
940 896 989 950 μοι
1012 873 1060 951 χῶ
1084 872 1184 943 δοῦλος
1209 871 1288 935 οὐδὲν
1311 867 1397 944 Arcas

531 991 579 1068 χώ
603 987 748 1061 δεσπότης
771 989 815 1067 χή
840 987 976 1068 παρθένος
999 988 1043 1065 χή
1067 991 1158 1065 γρκῦς
1182 984 1226 1049 ἄν.

378 1127 425 1192 De
459 1126 553 1191 servis
588 1124 650 1188 vid.
683 1126 721 1189 ad
754 1124 833 1190 Ach.
866 1129 940 1189 400.
972 1123 1122 1188 Mulieres
1145 1122 1346 1209 philosophae
1370 1131 1459 1188 erant

334 1241 523 1327 Melanippo,
559 1241 650 1305 cuius
683 1241 912 1326 disputationes
942 1261 982 1303 ne
1012 1261 1029 1300 a
1060 1237 1191 1301 muliere
1224 1238 1316 1301 nimis
1339 1237 1457 1302 alienae

331 1357 511 1421 riderentur
544 1354 621 1420 Eur.
656 1355 746 1419 finxit
778 1377 844 1419 eam
879 1380 896 1417 a
931 1361 1038 1431 matre,
1072 1351 1215 1419 Chironis
1246 1353 1319 1430 filia,
1345 1352 1458 1438 placita

332 1470 548 1558 philosophica
579 1470 746 1555 accepisse;
775 1477 807 1533 et
835 1468 976 1549 Hecuba,
1002 1468 1112 1532 Troad.
1138 1470 1212 1546 884,
1237 1490 1330 1552 quem
1353 1467 1454 1532 locum

333 1587 502 1672 respexisse
531 1584 664 1649 arbitror
691 1584 860 1661 Thoonem,
886 1582 978 1668 Prog.
1004 1606 1032 1669 p.
1063 1586 1133 1662 149,
1158 1605 1206 1668 ap.
1231 1581 1330 1663 Koch,
1355 1584 1403 1647 πὲν
1426 1583 1457 1648 δὲ

333 1699 493 1781 Εὐριπίδην
511 1697 780 1779 κκτοιμεμφόμεόοο
799 1696 841 1762 ἔτι
860 1697 942 1777 rapat
959 1700 1054 1777 κκνρὸν
1066 1697 1144 1777 αὐτῷ
1158 1696 1275 1774 Ἑκάβη
1290 1703 1456 1778 (praecellet.

333 1950 385 2015 Vs.
412 1942 493 2013 963.
530 1945 654 2018 Κύκνους
679 1951 764 2010 ποιῶν
787 1945 840 2011 cxl
866 1945 1026 2023 Μέμνονοος
1050 1945 1403 2025 κωδωνοφοοὶαροπώλευς.

378 2063 503 2148 Cycnus
527 2071 557 2124 11
582 2060 731 2123 Memnon
756 2058 794 2122 ab
817 2057 941 2124 Achille
953 2058 1044 2121 occisi
1064 2065 1147 2136 sunt,
1162 2055 1252 2122 Pind.
1266 2057 1319 2121 Ol.
1333 2057 1368 2121 ΙΙ
1384 2061 1456 2134 116,

334 2177 427 2241 Hom.
460 2173 518 2238 Od.
545 2174 592 2237 XI
618 2177 691 2237 522.
719 2173 765 2237 De
790 2173 895 2257 Cycno
921 2171 1093 2256 Aeschyleo
1118 2171 1199 2235 nihil
1222 2170 1374 2235 traditum
1397 2180 1452 2235 est.

332 2289 380 2354 Dc
406 2289 572 2353 Memnone
596 2287 733 2373 tragicus
756 2288 788 2351 in
812 2285 935 2351 duobus
960 2285 1110 2350 dramatis
1135 2286 1209 2368 egit,
1233 2286 1263 2348 in
1289 2285 1457 2350 Memnone
1502 2327 1510 2343 ‹
1556 2349 1558 2351 ,

333 2413 365 2468 11
383 2404 416 2468 in
435 2403 660 2488 Psychostasia.
682 2401 730 2465 De
741 2402 1081 2482 κωδωνοφοολοοροπώὶονς
1094 2400 1131 2463 11.
1146 2399 1335 2464 Fritschium
1349 2424 1376 2463 1.
1390 2399 1419 2464 1.
1433 2400 1454 2465 l.
1551 2459 1556 2467 .

335 2655 390 2721 Vs.
416 2647 496 2717 985.
856 2652 889 2716 πὸ
911 2651 1046 2732 τρύβλιον

532 2769 564 2833 τὸ
588 2768 732 2848 περυσινὸν
756 2766 873 2840 τέθνηκέ
896 2790 954 2844 μοι.

378 2907 480 2971 Schol.
512 2908 579 2987 πρὸς
608 2905 664 2978 τοὶς
688 2903 782 2979 λέξεις
805 2905 972 2985 Εὐριπίδου.
998 2903 1181 2989 Dionysum,
1207 2907 1268 2968 980
1292 2926 1369 2988 sqq„
1392 2905 1454 2968 iro·

330 3023 399 3086 nice
436 3023 474 3086 de
504 3021 665 3106 Euripidis
694 3020 781 3104 poesi
811 3020 899 3103 loqui
930 3019 1127 3083 manifestum
1152 3026 1208 3082 est.
1233 3018 1456 3099 Quaerendum

331 3144 379 3200 est
402 3134 480 3219 quid
504 3135 605 3198 allatis
629 3133 767 3198 versibus
792 3133 987 3218 spectaverit.
1013 3132 1118 3196 Koch:
1140 3131 1262 3209 „Diese
1281 3130 1455 3196 Uebertrei·

331 3249 448 3333 „hung
478 3249 532 3313 der
562 3247 791 3312 dichterischen
823 3247 962 3311 Freiheit
997 3244 1167 3309 unbelebte
1191 3244 1306 3309 Wesen
1330 3244 1458 3309 111111-

331 3363 443 3442 „lebte
473 3385 512 3426 au
544 3361 739 3426 behaudelen
763 3362 804 3424 ist
829 3361 901 3424 echt
925 3359 1176 3444 Euripideisch.'’
1200 3360 1244 3422 At
1267 3380 1455 3443 quamquam

330 3478 406 3542 talia
431 3478 463 3541 in
487 3476 564 3541 Eur.
585 3498 746 3540 occurrere
767 3498 828 3538 non
850 3496 940 3559 nego,
954 3496 1015 3537 non
1029 3481 1132 3537 tamen
1146 3473 1237 3537 credo
1250 3497 1284 3536 11
1295 3471 1455 3557 Euripidis

329 3591 455 3677 propria
478 3612 543 3653 esse
565 3611 700 3672 eumque
725 3611 824 3652 unum
845 3611 909 3651 esse
929 3585 1230 3672 reprehendendum.
1254 3584 1340 3667 Quid
1360 3586 1452 3663 enim,

330 3704 408 3769 siin
433 3704 500 3767 eius
522 3702 638 3767 aemuli
662 3701 807 3786 Aeschyli
833 3705 1008 3784 Agamus.
1033 3704 1098 3764 494
1121 3699 1270 3783 legimus:

686 3835 828 3908 μοιρπορεῖ
849 3828 880 3891 δέ
904 3851 953 3903 μοι
976 3825 1062 3899 adoro

531 3948 627 4015 πηλοῦ
651 3939 780 4021 ξύνουρος
803 3941 888 4018 διψίαν
912 3941 987 4011 κόννς
1009 3939 1090 4003 ratde.

375 4055 465 4136 Quae
496 4056 521 4119 si
550 4055 718 4140 Euripides
742 4054 925 4139 scripsisset,
951 4075 1014 4116 non
1039 4051 1150 4116 dubito
1172 4052 1249 4134 quin
1275 4051 1454 4135 Aristopha-

330 4194 385 4235 nes
412 4167 981 4249 1111111111πῶνποιροοκεκννδυνενμένων
1006 4166 1164 4230 habuisset
1188 4165 1370 4229 1111111111.
1396 4163 1457 4227 Ve-

329 4307 399 4349 rum
431 4307 493 4348 non
524 4284 602 4348 hanc
631 4284 789 4348 licentiam
813 4281 1055 4366 Aristophanem
1079 4280 1130 4344 hie
1153 4278 1388 4363 reprehendisse
1411 4300 1455 4340 ar-

329 4398 437 4463 bitror.
462 4396 649 4462 Perstrinxit
672 4397 829 4482 tragicum
855 4395 939 4480 quod
963 4395 1106 4478 vulgares
1129 4416 1177 4458 res
1198 4400 1292 4476 atque
1309 4413 1455 4477 personas

330 4513 362 4576 in
387 4534 509 4576 scenam
533 4511 693 4597 produxit,
717 4510 876 4594 huiusque
898 4508 991 4573 verba
1015 4509 1079 4571 976
1099 4505 1151 4570 acl
1172 4504 1328 4577 τοὶςοὶκίοις
1348 4501 1354 4593 l
1373 4506 1455 4568 οἰκεῖν
