3592 5484
817 718 961 778 somnus.
1387 706 1427 767 29

329 888 471 955 hostibus
500 909 603 973 presso
633 908 726 971 quam
757 909 844 952 servo
867 887 1002 972 fugitivo
1025 887 1130 972 aptius
1153 895 1185 951 et
1208 886 1266 952 hoc
1289 887 1356 952 loeo
1380 890 1451 953 ridi·

330 1003 439 1068 culum
473 1008 529 1066 est.
566 999 638 1065 Siue
667 999 762 1064 dubio
793 1000 845 1065 hic
868 1022 994 1086 quoque
1017 1001 1242 1087 Aristophanes
1265 1003 1306 1066 τα
1328 1002 1452 1080 μεγύλα

330 1115 416 1189 πύθη
441 1112 593 1195 ύποπαύζει
617 1121 670 1188 τῆς
691 1114 864 1196 τραγῳδίαις.
891 1113 980 1178 Idem
1005 1115 1087 1178 enim
1109 1136 1225 1193 servus,
1243 1116 1297 1200 qui
1317 1115 1453 1181 iamver·

331 1252 399 1294 sum
424 1252 461 1293 ex
484 1228 656 1315 Hippolyto
680 1229 872 1307 recitaverat,
896 1229 1003 1314 paullo
1027 1237 1098 1315 post
1123 1228 1275 1293 exclamat
1300 1253 1342 1293 vs.
1368 1233 1428 1294 80:

553 1341 703 1424 κράτιστον
727 1336 774 1406 οὖν
798 1341 1043 1422 abstrahereris,
1068 1350 1100 1406 et
1123 1365 1167 1408 vs.
1194 1346 1253 1407 84:

553 1442 715 1534 βέλτιστον
732 1458 805 1534 ημῖν
828 1450 908 1534 αι’μα
929 1456 1057 1538 ταύρειον
1080 1464 1162 1521 πιεῖν.

332 1571 417 1655 quod
437 1571 565 1635 minime
584 1569 697 1656 trepidi
718 1577 765 1634 est
783 1577 814 1633 et
832 1570 938 1654 ignavi
957 1571 1037 1634 servi
1057 1569 1110 1635 sed
1129 1570 1219 1634 fortis
1235 1570 1293 1635 viri
1306 1573 1360 1656 qui
1373 1572 1451 1636 mori

333 1707 395 1750 uon
417 1683 596 1749 reformidet
618 1683 732 1767 cuique
754 1704 937 1768 persuasum
962 1684 1003 1746 sit
1022 1689 1059 1747 ut
1078 1682 1322 1762 Andromachae,
1342 1682 1453 1749 Troad.

279 1828 282 1833 ’
335 1800 410 1877 632,
439 1804 490 1863 τοῦ
513 1796 566 1877 ζῆν
589 1797 620 1861 δὲ
643 1802 756 1878 λυπρῶς
780 1799 909 1878 κρεῖσσόν
931 1799 992 1862 ἐστι
1017 1796 1190 1863 κατθανεῖν.
1216 1798 1347 1863 Accedit
1372 1800 1454 1883 quod

332 1935 376 1978 vs.
409 1914 452 1975 84
481 1919 560 1975 teste
591 1909 763 1976 Scholiasta
795 1911 1004 1998 e·Sopboolis
1035 1910 1154 1976 Helena
1179 1914 1297 1996 petitus
1320 1919 1376 1991 est,
1400 1911 1455 1976 ubi

334 2026 471 2112 legitur:

532 2138 598 2217 ἐμοὶ
621 2139 652 2204 δὲ
675 2141 786 2220 λῷστον
809 2134 889 2216 αἷμα
912 2139 1041 2220 ταύρειον
1064 2147 1140 2204 πιεῖν

534 2252 585 2317 καὶ
609 2253 651 2331 μή
676 2277 712 2331 γε
734 2255 823 2318 πλείω
846 2254 930 2318 τῶνδ’
951 2252 1031 2333 ἔχειν
1054 2253 1240 2334 δυσφημίας.

379 2365 475 2431 Dind.
501 2367 543 2444 μη
568 2390 595 2430 τι
618 2367 733 2440 πλείους
756 2367 806 2431 vel
831 2369 904 2446 μητι
928 2368 1017 2432 πλείω
1037 2405 1082 2416 -
1098 2368 1272 2448 δυσφημίαν
1291 2368 1322 2432 in
1337 2371 1455 2433 Anuot.

334 2479 374 2545 ad
406 2479 506 2545 Schol.
535 2502 563 2543 a.
587 2479 617 2543 b.
643 2479 664 2544 l.
688 2488 720 2544 et
742 2480 779 2544 lr.
804 2483 878 2544 185.
901 2479 1069 2558 „Videtur
1091 2481 1131 2544 ad
1156 2480 1277 2553 Ἑλένης
1298 2481 1457 2555 ἀπαίτησιν

335 2592 533 2659 referendum
556 2591 655 2658 esse.''
678 2592 802 2658 Nauck.
826 2595 864 2658 fr.
891 2597 965 2658 660.
1027 2620 1029 2624 ·

377 2705 498 2772 Locum
520 2708 575 2771 Ar.
598 2705 708 2770 laudat
730 2708 912 2772 Athenaeus
935 2705 990 2771 III
1013 2728 1039 2771 c.
1065 2709 1117 2770 94.
1142 2705 1192 2770 Ibi
1215 2704 1374 2791 Oynuleus
1404 2706 1457 2778 Ul·

334 2821 438 2908 piano,
474 2820 529 2905 qui
564 2818 602 2884 ob
636 2819 852 2886 soloecismum
883 2842 955 2885 eum
986 2819 1238 2905 reprehenderat,
1270 2820 1451 2906 respondet:

336 2933 452 3012 βέλτιον
476 2934 503 2998 δ’
528 2928 561 3007 ἦν
585 2957 634 3011 μοι

680 3033 683 3039 ’
813 3042 892 3125 αἷμα
916 3047 1043 3128 ταύρειον
1065 3054 1149 3112 πιεῖν·
1188 3031 1189 3036 ¹

548 3161 562 3226 l
584 3160 817 3240 Θεμιστοκλέους
839 3162 896 3242 γὰρ
919 3159 1052 3234 θάνατος
1075 3161 1257 3242 αἱρετώτερος

381 3271 398 3347 sl
432 3274 472 3347 alr
504 3272 538 3339 σὲ
564 3276 710 3353 ἐμπεσεῖν.
741 3273 783 3338 Η.
813 3275 835 3340 l.
867 3275 1095 3360 comparativus
1127 3273 1206 3338 bene
1234 3272 1391 3338 sehabet.
1417 3273 1458 3340 In

337 3386 546 3471 Aristophane
575 3395 681 3452 tamen
708 3389 835 3467 rectius,
867 3388 988 3472 opinor,
1020 3409 1048 3451 v.
1081 3389 1186 3451 Hero.
1218 3394 1250 3451 et
1279 3385 1418 3452 Ribbeck
1446 3410 1463 3452 e

339 3498 454 3563 Snidae
473 3498 540 3564 cod.
561 3497 730 3565 Oxoniensi
753 3525 778 3565 s.
802 3522 831 3564 ν.
855 3502 924 3581 νῷνι
948 3500 1142 3581 αἱρετώτατος
1164 3501 1381 3566 restituerunt.

341 3736 394 3801 Vs.
421 3729 490 3801 147
513 3757 578 3820 sqq.
610 3708 721 3801 Serius
743 3735 770 3800 B
795 3734 1044 3820 (Demosthenes)
1068 3758 1123 3821 spo
1146 3736 1248 3801 elatus
1271 3737 1335 3801 fore
1359 3746 1396 3802 ut
1418 3738 1460 3802 al·

338 3849 499 3936 lantopola
529 3848 653 3914 Cleonis
682 3850 900 3915 auctoritatem
924 3856 1054 3928 evertat,
1078 3848 1248 3935 grandibus
1271 3874 1342 3916 eum
1365 3853 1461 3916 uomi-

338 3960 432 4028 nibus
455 3963 611 4049 appellat:

695 4077 788 4158 σωτὴρ
810 4085 848 4152 τῇ
868 4079 950 4143 πόλει
972 4077 1024 4142 καὶ
1049 4079 1102 4158 νῷν
1124 4077 1229 4159 φανείς

585 4198 617 4254 et
637 4211 708 4253 mox
735 4192 816 4256 157:
929 4186 962 4257 ὦ,
974 4190 1107 4273 μακάρι’,
1131 4186 1152 4254 ὦ
1175 4190 1303 4265 πλούσιε,

586 4296 607 4366 d
631 4306 677 4365 νῦν
700 4294 756 4381 μὲν
778 4302 881 4382 οὐδεὶς,
905 4302 998 4384 αὔριον
1019 4305 1046 4369 δ’
1067 4303 1248 4384 ὑπέρμεγας·

587 4409 608 4478 ὦ
631 4419 686 4479 τῶν
708 4414 844 4490 ’Λθηνῶν
866 4416 945 4494 ταγὲ
967 4421 1024 4481 τῶν
1046 4416 1233 4495 εὐδαιμόνων.

386 4524 535 4592 Ostendit
563 4528 592 4592 ei
614 4529 1029 4614 magnumhtheniensium
1052 4530 1221 4616 imperium
1244 4530 1461 4619 subiectasque
