3592 5484
835 685 952 730 1111111.
1366 672 1430 734 169

330 878 395 936 nes,
418 878 483 920 non
506 853 617 919 dubito
640 853 718 938 quin
742 853 823 919 illud
845 854 1061 932 εἱειλισσὸμενις
1084 854 1229 940 petiverit
1251 878 1322 921 cum
1342 857 1367 921 ει’
1388 881 1412 921 ει
1431 881 1455 921 ει

329 994 352 1034 ει
376 993 400 1034 ει
423 994 446 1033 ει
468 969 586 1033 ticam
608 966 764 1032 scriberet.

376 1086 420 1147 At
442 1080 592 1146 dubitant
614 1081 673 1146 viri
696 1081 781 1146 docti
803 1104 880 1147 num
897 1082 1114 1161 εἱειὶ1σσόμενις
1131 1083 1179 1148 El.
1201 1084 1454 1169 tergeminum

330 1197 381 1260 sit.
405 1195 454 1261 De
476 1194 639 1260 Dindorfio
663 1196 724 1260 iam
748 1195 831 1275 diri3
856 1195 950 1273 weil,
976 1196 1051 1281 Sept
1073 1204 1152 1282 trag.
1177 1196 1227 1261 El.
1251 1197 1316 1261 l.l.:
1343 1245 1361 1274 „
1372 1205 1456 1262 cette

331 1310 516 1390 „imitation
547 1311 691 1394 comique
722 1309 762 1373 du
796 1310 889 1374 chant
924 1311 1248 1396 (corbeiacensis
1272 1311 1455 1389 μελοποιίας,

331 1423 411 1503 „dit
442 1424 477 1488 le
512 1422 683 1489 Scholiasta
712 1411 743 1486 'd’
774 1423 992 1508 Aristophane)
1022 1447 1061 1489 ne
1090 1424 1205 1488 semble
1238 1447 1292 1510 pas
1326 1425 1457 1490 6116116

331 1538 437 1618 „mise
470 1537 546 1602 dans
575 1538 604 1602 le
627 1543 713 1601 texte
736 1536 766 1600 d’
792 1559 855 1601 une
879 1536 1028 1621 tragedia
1053 1536 1170 1602 Faue-il
1192 1538 1252 1602 lire
1275 1538 1343 1602 κοίν’
1367 1538 1457 1602 εἱλισ-

332 1652 527 1731 ,,σι’μενοςῗ”
547 1649 619 1730 Quo
640 1658 745 1715 tamen
767 1657 951 1736 argumento
964 1651 1040 1715 mihi
1053 1673 1115 1716 non
1126 1652 1281 1736 persuasit
1291 1650 1458 1716 lectionem

331 1765 448 1830 codicis
478 1765 527 1829 El.
560 1765 623 1830 137
646 1764 882 1850 improbandam
907 1787 980 1828 6116.
1005 1764 1136 1828 Etiamsi
1160 1763 1394 1829 concedendum
1417 1763 1460 1828 sit

332 1880 428 1944 talem
460 1879 668 1944 imitationem
700 1886 811 1943 cantus
841 1878 1018 1963 tragoediae
1045 1879 1148 1942 minus
1170 1885 1274 1964 aptam
1298 1902 1373 1958 esse,
1399 1900 1459 1942 res·

332 1993 454 2080 pondeo
479 1994 510 2058 id
536 1993 639 2079 ipsum
663 1993 837 2077 essequod
868 1993 1090 2079 Aristophanes
1118 1993 1307 2078 vituperavit
1329 1990 1460 2076 Euripi·

332 2107 403 2173 dem
424 2129 536 2172 novam
560 2114 593 2171 et
616 2107 722 2171 minus
745 2115 850 2192 aptam
876 2105 1007 2170 canendi
1031 2107 1183 2171 rationem
1206 2107 1240 2170 in
1264 2104 1456 2190 tragoediam

333 2220 553 2285 introduxisse.
585 2219 645 2283 Sed
675 2219 756 2284 nihil
787 2227 842 2299 est,
874 2220 993 2305 opinor,
1017 2218 1102 2304 qnod
1125 2218 1340 2284 concedamus.
1368 2218 1459 2303 Inep

333 2342 385 2400 tus
415 2335 543 2398 omnino
575 2333 687 2397 fuisset
718 2333 802 2397 chori
834 2341 943 2397 cautus
975 2334 1001 2397 si
1032 2333 1110 2397 duas
1140 2332 1304 2398 distinctas
1326 2329 1459 2416 syllabas

333 2446 357 2514 εἱ
388 2448 634 2535 pronuntiasset,
666 2471 730 2512 non
759 2470 830 2512 vero
854 2448 880 2512 si
904 2470 996 2511 unam
1020 2470 1074 2533 per
1098 2448 1160 2512 duo
1183 2455 1294 2512 cantus
1318 2453 1459 2531 tempora

333 2563 528 2648 productam,
551 2584 654 2646 neque
677 2584 734 2626 nos
753 2562 883 2627 offendit
901 2562 972 2625 talis
991 2561 1156 2647 productio
1168 2561 1200 2625 in
1213 2561 1296 2646 gravi
1315 2560 1458 2624 hodierni

335 2675 461 2740 oratorii
485 2681 591 2739 cantu.
615 2672 707 2738 Nihil
731 2675 837 2760 igitur,
862 2697 930 2739 mco
953 2673 1080 2758 quidem
1103 2675 1229 2751 iudicio,
1254 2673 1357 2738 obstat
1380 2673 1459 2757 quin

334 2797 510 2854 statuamus
528 2788 747 2866 εἱειλισσόμενις
770 2789 918 2854 cecinisse
945 2789 1072 2854 chorum
1095 2787 1248 2853 Electrae.

380 2902 519 2967 Similem
552 2901 711 2988 parodiam
742 2901 864 2966 Thesm.
896 2903 979 2966 1039
1011 2902 1138 2988 reperiri
1162 2902 1295 2966 coniecit
1319 2901 1459 2966 Eritscbe

335 3016 411 3102 qnia
440 3016 474 3080 in
503 3015 571 3080 cod.
603 3015 680 3079 Eav.
710 3014 742 3078 11.
773 3016 795 3078 1.
825 3015 960 3099 legitur:
991 3016 1051 3080 ἀπὸ
1074 3016 1105 3081 δὲ
1127 3015 1286 3094 συγγόνων,
1310 3015 1382 3079 ἀλλ’
1408 3015 1456 3079 clv'

335 3129 435 3208 ἄνομα
466 3129 575 3194 πάθεα.
606 3128 717 3193 Edidit
747 3126 818 3193 ἄλλ’
849 3129 905 3192 ἄν’.
939 3127 1116 3193 Praestaret
1137 3127 1183 3192 ἄν’
1206 3128 1261 3193 ἄν’.
1287 3128 1347 3193 sed
1366 3128 1460 3192 nimis

336 3247 458 3309 incerta
486 3250 535 3307 est
557 3241 624 3307 eins
647 3242 827 3306 coniectura
850 3263 921 3305 cum
944 3263 1055 3327 perse
1080 3241 1283 3324 intellegatur
1309 3240 1403 3305 talem
1427 3239 1461 3303 in

336 3366 431 3422 cantu
463 3355 600 3442 syllabae
623 3356 861 3442 productionem
886 3355 977 3419 unice
1001 3354 1127 3419 tolerari
1149 3377 1237 3440 posse
1261 3352 1315 3418 ubi
1339 3350 1459 3439 syllaba

336 3471 430 3556 longa
453 3471 621 3554 sitneque
646 3470 680 3533 in
703 3469 888 3533 consonanti
910 3468 1105 3532 terminetur.
1180 3459 1181 3462 ¹

380 3583 499 3649 Versus
522 3585 609 3647 1315
633 3590 666 3647 61
690 3584 776 3646 1316
801 3606 817 3646 6
840 3581 998 3666 Meleagro
1022 3581 1157 3646 desumti
1180 3580 1338 3644 videntur.
1363 3578 1463 3644 Testi-

337 3697 441 3762 monia
472 3695 710 3761 scholiastarum
741 3695 803 3759 iam
832 3694 938 3759 attuli.
970 3693 1072 3758 Schol.
1100 3691 1151 3773 V„
1175 3693 1231 3777 qui
1253 3693 1292 3757 ad
1320 3694 1403 3757 1316
1429 3693 1462 3757 ἐκ

337 3821 415 3878 Μελ
448 3811 519 3891 Εὐρ.
543 3809 650 3888 babet,
673 3810 712 3874 ad
739 3810 823 3873 1316
847 3815 978 3872 annotat
1001 3808 1053 3872 cul
1077 3812 1177 3871 ταῦτα
1200 3807 1361 3885 Εὐριπίδου
1385 3806 1462 3890 (sine

336 3924 515 4010 tragoediae
547 3924 685 4006 nomine)
717 3921 778 3987 ἔστι
810 3923 841 3987 δὲ
871 3920 1071 4002 ἀσυνάρτητα,
1095 3943 1176 4005 qnae
1200 3920 1329 3985 fortasse
1352 3920 1391 3983 ad
1416 3942 1460 3983 vs.

339 4041 424 4103 1319
448 4038 621 4124 pertinent.

336 4265 389 4332 Vs.
416 4257 523 4330 1317.
559 4260 593 4326 i'v'
617 4260 630 4326 ὃ
654 4261 801 4343 &laxator
824 4259 938 4324 ἔπαλλε
961 4259 1026 4323 δελ-

559 4378 613 4458 φὶς
636 4373 759 4457 πρῴραις
783 4373 1006 4452 κυανεμβόλοις.

382 4492 582 4558 Verbotenns
602 4512 640 4555 ex
661 4488 778 4553 Electr.
798 4487 876 4553 Eur.
897 4482 1463 4574 4311101111111116111111111
