3592 5484
835 577 961 627 murus·
1373 568 1434 629 189

329 747 420 814 Duae
448 758 554 813 autem
576 749 762 813 coaluerunt
785 750 987 825 narrationes,
1011 750 1109 813 altera
1132 750 1288 814 Phineum
1312 774 1452 816 exeaeca-

330 872 400 927 tum
431 886 495 927 esse
517 864 590 946 quia
613 861 719 926 liberis
738 863 845 926 oculos
868 863 1025 940 effoderat,
1049 864 1147 928 altera
1170 862 1324 927 Phineum
1353 873 1454 929 vatem

332 999 401 1041 curn
435 977 564 1040 deorum
595 976 724 1040 consilia
755 978 938 1041 enunciaret
966 977 1004 1040 ab
1029 976 1185 1062 Harpyiis,
1209 978 1293 1042 Iovis
1318 979 1457 1057 canibus,

332 1091 544 1155 excruciatum
573 1113 648 1154 esse.
673 1089 846 1154 Reseranda
870 1098 918 1153 est
940 1090 1024 1167 haec,
1050 1092 1169 1174 opinor,
1194 1114 1257 1154 uon
1282 1091 1319 1153 ad
1345 1091 1461 1177 Sopho·

333 1204 432 1268 eleum
463 1203 620 1267 Phineum
643 1204 696 1267 sed
722 1203 761 1266 ad
786 1203 1004 1288 Aeschyleurn.
1030 1204 1068 1266 In
1094 1203 1190 1267 huius
1214 1205 1296 1267 enim
1321 1205 1460 1268 dramate

331 1318 486 1403 Harpyias
517 1316 674 1381 Phineum
705 1317 867 1401 suppliciis
899 1318 1042 1396 affecisse,
1075 1339 1131 1381 nos
1160 1318 1251 1382 decet
1283 1318 1320 1381 fr.
1347 1318 1459 1382 Aeseh.

335 1433 398 1495 253
423 1431 477 1510 N„
503 1434 565 1494 251
590 1429 630 1494 D.

535 1543 588 1607 xxi
610 1544 806 1623 ψευδόδειπνα
830 1546 930 1608 πολλὰ
953 1545 1114 1624 papyam
1138 1544 1245 1621 ρνθθιυ

537 1656 696 1736 ἑρρυσθιιζιν
719 1658 870 1734 υτθμιιτις
894 1658 924 1721 ἕν
947 1658 1043 1736 πρώτῃ
1068 1662 1159 1738 χιιρᾷ.

381 1769 507 1849 Quibus
538 1770 739 1833 consideratis
768 1793 824 1854 pro
856 1769 906 1834 exi
938 1771 1081 1850 τιιρπυίιις
1110 1772 1139 1834 ἕν
1170 1772 1239 1850 <plen
1271 1773 1461 1857 Hesychium

336 1884 493 1968 scripsisse
528 1883 647 1946 conicio
682 1906 744 1947 nou
776 1882 827 1946 axi
858 1883 914 1955 τθις
945 1882 1068 1963 ιὶρπυθιις
1100 1883 1153 1947 sed
1185 1884 1250 1946 κιιὶ
1276 1884 1291 1956 ἡ
1319 1883 1463 1965 ἅρπυιιι

338 1998 453 2076 Αῐυχ.
480 2004 567 2061 Φινεῖ.

338 2258 393 2320 Vs.
420 2251 500 2320 639.
537 2257 749 2334 desideriorum
772 2261 820 2322 τὸν
844 2258 970 2322 εὕπιιιδιι
995 2259 1045 2322 xxi

541 2373 625 2449 μὲνιι
648 2372 775 2451 βριτιῑυι
799 2372 916 2452 Φὲγγις
940 2374 1130 2446 Ἀσκληπιόν.

384 2486 515 2550 Numeri
540 2508 575 2549 ac
600 2482 691 2548 verba
714 2485 841 2568 tragica.
867 2484 913 2547 De
944 2485 1039 2548 schol.
1064 2484 1097 2560 ἐξ
1118 2486 1282 2567 Ἠλέκτριις
1308 2489 1345 2552 cf.
1372 2488 1464 2552 Dind.

338 2609 445 2663 annot.
478 2598 516 2662 ad
548 2597 651 2661 Schol.
684 2598 714 2661 h.
748 2598 768 2661 l.
800 2597 916 2661 Utrum
946 2599 1073 2683 paredia
1105 2601 1205 2664 sitan
1232 2604 1465 2688 paratragoedia

336 2714 501 2778 nescimus.
526 2713 614 2776 Idem
639 2712 866 2777 observandum
890 2722 937 2777 est·
957 2713 995 2776 de
1018 2737 1060 2777 rs.
1083 2714 1261 2779 dochmiace
1286 2719 1346 2782 etr
1368 2718 1464 2794 λέγεις

339 2850 387 2904 μιι
422 2827 531 2907 χιιρθιν,
568 2826 664 2903 λὲγεις
696 2849 745 2903 μοι
776 2825 860 2903 ficata,
894 2825 932 2888 de
955 2848 1018 2909 qno
1041 2827 1135 2890 schol.
1161 2837 1275 2893 recent.
1300 2830 1366 2893 τινθι
1388 2837 1466 2911 γελᾷ

339 2946 395 3004 τῶν
418 2946 570 3020 τρυγικῶν.

342 3201 395 3264 Vs.
422 3194 503 3264 66].
799 3201 968 3282 Ἡφιιίστιυ
991 3203 1093 3283 onst.

387 3313 456 3378 Vox
488 3313 654 3378 Homerica
686 3335 765 3397 quae
795 3316 887 3377 etiam
913 3313 985 3399 Iph.
1010 3315 1083 3379 Aul.
1111 3318 1193 3378 1602
1220 3316 1347 3401 legitur.
1373 3316 1465 3382 Vide-

340 3436 394 3492 tur
418 3450 524 3491 servus
547 3428 689 3491 sacrificii
714 3427 954 3512 descriptionem
979 3452 1015 3492 ex
1039 3429 1145 3512 aliqua
1170 3431 1328 3514 tragoedia
1352 3440 1467 3517 petere.

339 3540 428 3606 Idern
458 3565 565 3606 servus
591 3545 674 3606 759:
699 3542 847 3622 ευρύθμεις
874 3543 1072 3623 πριβὴμιιυιν,
1098 3543 1152 3606 ubi
1176 3545 1306 3609 Hernst:
1330 3596 1350 3624 „
1361 3570 1464 3631 neque

340 3657 500 3734 „absurde
524 3658 640 3722 Oarion
663 3657 722 3720 ioci
747 3657 860 3742 plenus
884 3659 968 3740 quod
993 3680 1010 3718 a
1033 3659 1149 3739 tragico
1170 3669 1261 3744 poeta
1283 3661 1467 3745 scrioserip-

339 3779 436 3848 „tum
460 3778 526 3834 erat
548 3769 699 3850 εὐρύθμως
724 3771 892 3833 mutaverit
916 3772 947 3833 in
973 3772 1162 3835 contrarium
1189 3780 1223 3836 ut
1245 3775 1466 3859 incompositos

340 3885 477 3964 „senilis
499 3883 612 3948 turbae
636 3907 760 3968 gressus
784 3883 963 3948 illude1·ct.’'

341 4147 396 4211 Vs.
421 4141 502 4213 771.
540 4147 591 4213 xxi
616 4154 763 4228 προσκυνῶ
791 4173 827 4225 γε
850 4154 951 4228 aptit-x
975 4149 1029 4224 μὲν
1051 4150 1099 4212 τὸν
1123 4145 1235 4222 Ἥλιον,

541 4261 644 4326 ἔπειτα
667 4270 777 4339 σεμνῆς
802 4262 963 4334 Πιινιλθδις
987 4265 1094 4326 κλεινὸν
1117 4263 1213 4342 niden,

542 4378 642 4457 χώριιν
665 4400 698 4440 τε
722 4380 824 4439 πῖιυιιν
850 4376 992 4456 Κέκροπος
1017 4374 1034 4449 ἶν’
1059 4375 1092 4454 μ’
1116 4374 1246 4451 ἐδέξατο.
