3592 5484
836 698 963 743 vescae.
1396 684 1435 745 59

331 865 460 953 tophani
491 868 557 953 ipsa
589 864 749 930 Phaedrae
777 865 871 930 verba
894 866 957 930 suis
980 866 1123 930 inserere.
1150 867 1231 931 Satis
1255 875 1322 931 erat
1343 832 1459 950 lingere

235 1005 237 1009 ’
324 1003 412 1066 quae
446 1003 520 1046 sono
552 979 678 1064 tragicis
706 979 821 1043 similia
852 987 964 1059 essent,
988 1002 1131 1065 quaeque
1154 979 1261 1045 eodem
1287 989 1387 1046 metro
1411 1004 1460 1046 eo·

331 1092 465 1178 demque
487 1100 578 1177 gestu
601 1100 697 1178 atque
716 1094 749 1158 in
770 1094 930 1177 tragoedia
947 1094 1164 1158 recitarentur.
1187 1094 1355 1160 Neminem
1375 1095 1459 1160 enim

330 1206 521 1285 auditorum,
557 1205 674 1290 quibus
708 1205 937 1272 nobilissimum
968 1206 1047 1271 illud
1079 1209 1148 1287 πρὸς
1174 1211 1240 1272 θεῶν
1263 1206 1372 1289 ἔραμαι
1397 1209 1458 1273 xri.

329 1320 528 1386 notissimum
553 1328 629 1402 erat,
654 1320 763 1405 lugere
787 1329 910 1406 poterat
936 1319 1109 1385 similitudo
1129 1320 1259 1385 simulac
1279 1321 1375 1386 asiaca
1394 1320 1460 1400 ἔρα-

331 1457 387 1512 ριαι
423 1432 546 1498 audiret
578 1437 710 1499 etartlr
738 1433 878 1512 γενοίμαν
911 1442 1109 1520 componeret
1138 1457 1210 1499 oum
1237 1433 1292 1499 είίε
1320 1434 1461 1512 γενοίμαν

332 1545 430 1633 Hipp.
457 1547 531 1628 230,
556 1554 621 1611 ant.
647 1544 681 1611 ίν’
706 1548 719 1611 ὁ
742 1544 831 1627 adpo}
853 1546 942 1627 φησί,
967 1547 1016 1619 τίς.
1035 1548 1225 1628 οἱψίφισποςς
1251 1570 1321 1612 cum
1347 1545 1393 1611 ίνα
1416 1549 1461 1621 θη·

309 1641 441 1744 ’ροφίνοι
475 1660 623 1737 στείβουσι
659 1660 741 1735 κύνες
772 1660 868 1748 Hipp.
901 1664 975 1725 alo.
1006 1660 1147 1726 Fortasse
1177 1662 1271 1726 etiam
1295 1658 1465 1751 verborum

331 1774 460 1840 Admeti
478 1774 512 1839 in
536 1773 699 1840 scribendo
724 1776 916 1854 meminerat,
941 1775 1009 1839 Alc.
1036 1778 1099 1839 866

621 1913 703 1994 ζηλῶ
725 1913 893 1994 carperes.
918 1914 1013 1978 κείνων
1037 1911 1152 1994 ἔραμαι,

592 2105 594 2110 ¹
620 2027 688 2091 κεῖν’
719 2027 848 2105 ε’πιίνμῶ
872 2027 1000 2105 διίριαπα
1022 2026 1116 2091 ναίειν.

333 2265 387 2331 Vs.
414 2259 495 2331 757.
767 2265 867 2346 ποίρες,
894 2261 914 2328 ὦ
937 2266 1043 2347 σκιεροί.
1098 2253 1102 2260 ’

379 2380 430 2445 Fr.
456 2382 531 2444 310.
556 2379 660 2444 Sclrol.
683 2379 764 2459 παρα
788 2379 828 2444 ποί
850 2381 882 2444 εἰι
906 2380 1133 2461 Βελλεροφόντου
1156 2380 1253 2460 παίζει
1276 2385 1387 2445 ταῦτα·

600 2517 702 2598 ποίρες,
726 2512 747 2580 ὦ
771 2517 869 2599 σκιερὰ
890 2517 1023 2598 φυλλὰς,
1047 2517 1162 2597 ὑπερβῶ

601 2638 725 2712 κρηναῖα
749 2630 838 2703 νοίπιι·
864 2632 912 2694 τὸν
935 2628 1003 2711 ὑπὲρ
1026 2636 1162 2710 κεφαλῆς

599 2742 683 2823 αἰθέρ’
707 2743 817 2808 ίδέσίαι
841 2742 966 2815 σπεύδω,
990 2743 1043 2807 τίν’
1067 2741 1130 2823 ἔχει

599 2855 704 2921 σποίσιν
728 2857 851 2921 Είνοδία.

376 2995 426 3061 Ad
457 2989 539 3060 idem
569 2994 822 3081 Bellerophontis
853 3017 975 3059 carmen
1006 2996 1161 3080 pertinere
1190 2995 1316 3060 videtur
1338 3018 1401 3079 quo
1416 2995 1458 3083 Ιίίι

332 3111 391 3176 art.
417 3110 501 3195 quod
526 3110 670 3174 imitatus
694 3116 742 3173 est
764 3111 820 3173 Ar.
844 3107 916 3172 Pac.
944 3110 1015 3172 154.
1043 3108 1188 3194 Suspicor
1211 3109 1306 3173 etiam
1329 3132 1372 3174 vs.
1393 3111 1457 3174 756

331 3224 435 3289 σπεῦδ’
468 3219 489 3287 ὦ
519 3224 609 3304 ψυχή
641 3223 691 3306 (cl.
724 3223 804 3288 Aah.
836 3225 912 3306 483)
940 3231 972 3287 et
994 3223 1079 3307 quod
1102 3223 1243 3309 intellegi
1265 3223 1378 3307 nequit
1401 3229 1457 3287 ποῦ

332 3363 382 3417 μοι
403 3341 509 3419 ψνχνίς
534 3338 647 3403 mutila
669 3361 735 3402 esse
760 3337 934 3422 fragmenta
957 3337 1089 3402 alicuius
1111 3339 1221 3423 tragici
1246 3358 1361 3401 versus.
1440 3392 1444 3401 .

297 3518 301 3523 ⁴
323 3551 387 3642 'Vs
412 3568 494 3641 762.
944 3579 1028 3638 τοῦτο
1050 3573 1082 3638 δὲ

545 3685 653 3762 ’Ἅιδης
676 3688 811 3768 διακρινεῖ
834 3687 963 3767 πρίσερον
986 3686 1002 3761 ἢ
1026 3687 1080 3765 ’γὼ
1105 3688 1253 3765 πείσομαι.

375 3827 479 3892 Schol.
511 3829 541 3891 ἐν
576 3826 723 3907 Κρήσσαις
754 3826 914 3906 Εὐριπίδου
944 3827 958 3890 ί
985 3827 1106 3907 Ἀτρεὺς
1127 3829 1195 3906 πρὸς
1217 3825 1272 3898 πίον
1295 3826 1455 3907 Ἀερίπιινι

330 3949 420 4023 κρινεῖ
450 3945 557 4006 ταῦτα.
595 3939 814 4026 Suppleudum
848 3962 912 4004 esse
947 3938 1053 4013 Ἀιδης
1087 3940 1264 4005 docuerunt
1298 3939 1388 4025 Toup
1424 3950 1457 4005 et

333 4052 446 4120 Nauck
483 4054 520 4119 fr.
551 4056 628 4117 468.
664 4053 787 4119 Cressas
819 4062 851 4119 et
875 4053 1040 4139 Thyestem
1065 4054 1147 4118 idem
1170 4076 1235 4118 esse
1258 4051 1364 4119 drama
1387 4061 1457 4139 post

329 4166 441 4234 Valck.
475 4168 597 4232 censuit
627 4166 785 4249 Welcker‚
812 4167 867 4233 Gr.
892 4166 982 4253 Trag.
1007 4167 1042 4232 II
1065 4190 1095 4254 p.
1121 4169 1184 4232 676
1208 4189 1274 4252 sqq.
1298 4170 1351 4232 cui
1373 4168 1456 4234 vide·

329 4288 383 4347 tur
412 4283 495 4347 idem
526 4288 748 4367 argumentum
780 4259 929 4347 tractasse
959 4281 1125 4367 Euripides
1155 4304 1192 4346 ac
1224 4280 1392 4368 Sophocles
1423 4283 1455 4347 in

330 4398 428 4461 Atreo
449 4393 491 4460 ib.
516 4394 533 4459 I
558 4416 588 4480 p.
614 4396 688 4458 367.
714 4393 753 4459 In
777 4416 841 4478 quo
866 4394 1004 4459 dramate
1030 4397 1145 4459 Atreus
1164 4417 1291 4460 uxorem
1312 4396 1454 4481 Aeropen

330 4517 428 4574 morte
452 4508 611 4586 multavit,
635 4508 672 4572 fr.
697 4507 791 4594 Soph.
819 4510 891 4571 144.
