3592 5484
796 600 1000 645 enisurum.
1374 584 1434 644 195

331 789 369 830 ex
392 767 491 830 altera
513 765 593 830 Pace
616 767 756 830 citantur
778 766 849 830 aliis
872 766 1038 831 comoediis
1058 765 1182 843 tribuit,
1202 789 1310 831 vereor
1330 790 1370 831 nc
1394 789 1460 852 spe·

332 879 446 944 ciosius
469 901 563 963 quam
587 879 690 942 verius
714 879 866 964 disputet.
892 878 1076 963 Alloquitur
1097 879 1211 962 aliquis
1229 879 1385 943 homiuem
1405 880 1461 962 qui

332 991 437 1056 herbis
459 999 491 1054 et
513 990 658 1076 frugibus
675 999 804 1055 ornatus
824 992 857 1055 in
874 1014 997 1055 scenam
1018 990 1171 1076 prodibat.
1193 990 1335 1055 Coniecit
1357 991 1461 1077 Bergk

333 1104 508 1190 Trygaeum
532 1105 705 1170 allocutum
730 1128 796 1168 esse
821 1103 997 1189 Georgium.

834 1254 972 1324 tteross.

336 1405 387 1468 Pr.
413 1396 495 1467 289.
538 1401 839 1467 reseraturum.
866 1407 904 1466 91
931 1412 1060 1489 apparet
1083 1404 1324 1488 Aristophanem
1351 1404 1383 1467 in
1404 1403 1465 1468 He·

337 1517 443 1582 roibus
466 1538 557 1581 versu
582 1515 743 1601 Sophoclis
766 1516 852 1595 σοφοὶ
876 1515 1004 1596 τύραννοι
1032 1521 1083 1580 τῶν
1108 1521 1206 1598 σοφῶν
1229 1518 1364 1598 συνουσίᾳ
1387 1524 1464 1580 tam-

336 1651 429 1713 quam
454 1629 625 1715 Euripiden
648 1650 741 1693 usum
765 1651 841 1693 esse.

700 1779 941 1867 Thesmophor.
967 1781 1108 1850 alterae.

339 1933 390 1998 Fr.
416 1924 498 1996 304.
543 1931 705 2012 ”Anthedon
729 1933 819 2012 ἐχρῆν
844 1934 923 2011 αὐτῷ
947 1932 1072 1996 τίθεσθαι
1095 1931 1232 2008 τοῦνομα.
1308 1975 1312 1981 .

383 2044 535 2110 Ludibrio
569 2045 665 2109 habet
695 2047 750 2108 Ar.
783 2045 925 2108 studium
956 2045 1118 2108 nominum
1152 2044 1389 2108 derivandorum
1415 2046 1466 2109 eui

339 2167 372 2224 et
404 2159 459 2224 alii
491 2168 523 2223 et
553 2159 722 2243 Euripides
753 2159 965 2223 indulserunt.
991 2157 1029 2222 In
1053 2158 1192 2222 dramate
1217 2159 1354 2243 Antiope
1378 2159 1469 2222 docet

311 2358 313 2361 ι
342 2274 392 2337 bic
423 2296 536 2337 nomen
569 2272 755 2357 Amphionis
780 2295 817 2335 ex
841 2270 929 2350 anat
954 2279 985 2333 et
1008 2272 1078 2334 ῐὲνοοο
1101 2272 1305 2355 compositum
1331 2295 1406 2348 esse,
1430 2272 1467 2335 fr.

344 2389 417 2464 189,
441 2393 472 2450 ct
497 2386 628 2449 Zethum
654 2408 767 2449 nornen
793 2386 946 2469 accepisse
970 2407 987 2447 a
1010 2385 1119 2464 ζητεῖν,
1144 2385 1180 2447 i.
1208 2385 1280 2447 131.
1303 2383 1388 2447 Alibi
1406 2406 1468 2448 non

343 2500 563 2584 etymologiam
588 2499 712 2582 quaerit
734 2498 810 2562 Eur.
835 2498 888 2561 sed
913 2521 1025 2561 nomen
1048 2505 1205 2582 comparat
1228 2519 1298 2561 curn
1323 2498 1396 2560 fatis
1420 2497 1468 2561 vel

341 2612 433 2677 rebus
456 2613 561 2697 gestis.
588 2611 829 2676 Andromachen
853 2619 959 2675 monet
982 2611 1049 2674 iure
1072 2632 1165 2675 suum
1189 2633 1303 2674 nomen
1323 2609 1469 2674 habuisse

341 2727 415 2810 quia
445 2725 526 2805 ἀνδρὶ
560 2724 708 2804 uixerat,
738 2725 775 2788 fr.
811 2726 896 2789 1079
922 2725 1015 2787 etde
1041 2723 1200 2807 Meleagro
1224 2722 1332 2787 scribit
1355 2723 1467 2801 μελένν

341 2839 398 2920 γάρ
433 2848 501 2902 ποτ’
533 2838 663 2919 deperiere
694 2837 799 2919 ἄνοσον,
834 2839 872 2902 fr.
908 2841 980 2901 591.
1014 2836 1061 2903 Cf.
1090 2836 1207 2901 Phoeu.
1235 2841 1331 2915 1195,
1356 2837 1467 2902 Troad.

343 2957 417 3033 999,
450 2952 561 3017 Bacch.
596 2954 670 3032 503,
696 2951 766 3037 lph.
799 2951 893 3015 Taur.
920 2953 972 3029 39,
996 2950 1050 3015 Or.
1078 2953 1174 3030 1635,
1198 2952 1235 3014 fr.
1263 2954 1323 3016 781
1349 2975 1392 3015 vs.
1419 2955 1470 3016 19.

343 3069 372 3130 A
395 3087 457 3149 quo
477 3069 550 3130 lusu
569 3088 670 3150 neque
691 3064 860 3150 Sophocles
883 3063 1047 3143 abstinuit,
1068 3065 1119 3128 Ai.
1133 3066 1208 3144 430,
1221 3087 1323 3148 neque
1336 3065 1471 3151 Aeschy-

342 3179 401 3259 lus,
434 3179 519 3265 Sept.
551 3183 625 3258 899,
658 3181 718 3264 Ag.
753 3181 827 3256 690,
856 3200 959 3262 neque
982 3186 1075 3263 poeta
1098 3178 1216 3262 Hymni
1240 3177 1334 3241 Hom.
1359 3179 1391 3242 in
1415 3181 1473 3242 Pa·

343 3315 414 3356 nem
449 3297 502 3371 48,
533 3294 566 3357 in
596 3292 749 3357 Venerem
783 3295 846 3356 199
880 3316 924 3377 sq.
954 3292 1069 3377 Tangit
1092 3291 1242 3356 eiusmodi
1268 3292 1471 3377 etymologias

345 3407 569 3492 Aristophanes
600 3407 658 3491 Eq.
684 3408 781 3483 1957,
806 3407 844 3471 ir.
869 3409 934 3469 394
957 3414 998 3469 ct.
1022 3405 1146 3470 Thesm.
1172 3409 1257 3469 1915
1283 3405 1337 3469 ubi
1360 3405 1470 3470 lictor:

545 3523 630 3601 ἕντοῖς
654 3521 685 3586 δέ
708 3545 735 3584 σο
758 3520 862 3598 cellion
888 3521 957 3584 στί·
981 3520 1159 3597 κοιτοιβονῆσο
1183 3519 1248 3600 γάρ.

390 3632 441 3696 Ita
464 3633 546 3697 enim
570 3634 681 3719 tragici
704 3634 881 3718 loquuntur
905 3657 933 3697 v.
958 3657 983 3697 c.
1008 3634 1130 3712 Aesclr.,
1157 3634 1241 3718 Sept.
1268 3637 1342 3711 899,
1363 3633 1387 3697 οἳ
1405 3634 1470 3706 δῆτ’

346 3750 428 3827 ὀρθῶς
460 3747 530 3811 κοτ’
566 3749 734 3826 incoeptae
767 3749 840 3820 κσὲ.,
865 3747 952 3825 Eur„
977 3747 1087 3811 Troad.
1113 3750 1188 3825 990,
1212 3747 1263 3811 xxi
1287 3747 1404 3824 τοῦνομ’
1430 3750 1472 3827 ἑρ-

348 3863 400 3932 aar
423 3860 587 3940 ἀφροσύνης
612 3860 698 3941 ἄρχεο
722 3864 797 3934 θεῖος.

829 4011 994 4080 Lemnias.

347 4160 396 4226 Fr.
423 4153 504 4224 324.
547 4162 660 4227 ἐνταῦθ’
684 4161 884 4241 ἕτνροὶννενσεν
908 4160 1079 4240 Ὑψιπύλης
1102 4160 1208 4240 πατὴρ,

547 4274 636 4347 Θάσος,
662 4274 816 4355 βράδισσος
841 4273 878 4337 ὢν
902 4276 930 4338 ἐν
954 4275 1107 4355 ἀνθρώποις
1132 4274 1262 4354 δραμεῖν.

393 4384 464 4450 Vid.
486 4387 574 4452 adh.
589 4390 664 4451 304.
677 4386 844 4472 Tragicum
857 4388 1001 4466 τάχιστος
1015 4387 1169 4472 scripsisse
1182 4387 1314 4451 coniecit
1324 4411 1352 4450 v.
1366 4385 1469 4452 Herw.
