3592 5484
343 613 387 675 34
536 628 538 632 ·
811 629 952 688 accim

321 810 375 875 Vs.
401 801 482 873 886.
508 803 529 870 ὦ
553 812 643 871 πᾶσιν
665 808 821 887 ἀνθρώποις
843 806 950 887 Φινεὶς
973 809 1113 887 μέγιστον
1135 809 1296 890 ὠφέλημαι.

366 948 395 987 v.
427 919 627 1001 Herwerden,
658 919 749 985 Stud.
780 918 857 985 Orit.
888 922 921 984 in
948 929 1031 1008 poet.
1064 944 1106 987 sc.
1139 921 1193 986 Gr.
1218 945 1249 1009 p.
1274 925 1315 987 50
1339 923 1449 989 docuit

321 1041 355 1104 in
378 1037 483 1103 codice
508 1035 712 1100 Ambrosiano
735 1036 884 1121 scriptum
908 1058 974 1100 esse
994 1037 1083 1101 κοινὸν
1103 1036 1265 1116 ὠφέλημα,
1290 1036 1376 1121 quod
1388 1061 1449 1102 res·

321 1152 440 1239 pondet
462 1152 502 1214 iis
525 1172 606 1234 quae
626 1147 797 1214 Scholiasta
814 1150 848 1213 in
867 1149 1023 1235 strophico
1040 1172 1133 1215 versu
1155 1151 1218 1216 756
1238 1150 1352 1236 legisse
1365 1151 1447 1216 vide·

320 1274 394 1330 tur:
419 1261 456 1328 ὧν
478 1264 503 1329 οἱ
526 1264 581 1341 μὲν
603 1270 680 1343 τρεῖς
698 1236 890 1342 ἆσυναῖρτητοι
909 1259 943 1337 ἐξ
961 1261 1106 1341 lautius&
1126 1262 1260 1343 διμέτρω
1269 1264 1448 1337 &maaia-

324 1380 376 1443 τόν
389 1427 396 1441 .
410 1427 417 1441 .
433 1426 462 1440 ..
495 1376 549 1441 καὶ
580 1379 739 1456 τροχιὶὶωῡ
768 1375 969 1454 ἰθυφκλλικοῦ.
1003 1373 1214 1440 confirmatur
1244 1376 1338 1441 lectio
1359 1379 1448 1442 κοινὸν
1535 1454 1536 1458 ¹

324 1493 393 1557 loco
417 1489 573 1575 Aeschyli,
597 1488 701 1553 Prom.
727 1491 791 1552 614
813 1499 876 1571 qu‘o
899 1487 1126 1574 Aristophanes
1148 1490 1301 1575 respexit:
1351 1532 1356 1542 -

586 1623 607 1690 ὦ
630 1628 717 1691 κοινὸν
738 1626 889 1705 ὠφέλημαι
911 1628 1052 1699 θνητοῖσιν
1075 1625 1210 1706 φανείς.ι

223 1810 225 1814 .
265 1792 270 1803 ·
317 1786 321 1792 ·
369 1763 444 1829 Non
476 1765 633 1829 consentit
662 1763 717 1845 qui
740 1761 814 1827 hnic
836 1762 939 1826 versui
961 1764 1025 1826 836
1047 1761 1186 1827 scholion
1209 1763 1373 1826 metricum
1397 1761 1448 1826 ad·

324 1877 458 1962 scripsit.
482 1875 654 1940 Contendit
676 1874 729 1938 ille
751 1897 810 1939 ves.
835 1877 1009 1939 836-316
1035 1898 1141 1940 omnes
1160 1881 1358 1939 tetrametros
1374 1876 1448 1938 ism·

324 1989 408 2054 bicos
437 1988 633 2053 catalecticos
656 2009 732 2051 esse.
755 1985 924 2053 Manifesto
946 2011 1059 2053 errore.
1083 1991 1152 2053 Aut
1173 1987 1277 2053 codice
1300 2010 1377 2052 usus
1400 1995 1448 2052 est

322 2105 356 2168 in
390 2126 453 2188 quo
488 2103 580 2166 metri
613 2123 706 2165 causa
737 2125 796 2166 vss.
829 2103 892 2167 837
925 2110 958 2166 et
981 2105 1044 2168 838
1068 2124 1194 2189 quoqne
1217 2103 1333 2166 mutati
1357 2109 1447 2175 erant

321 2225 377 2281 aut
407 2217 484 2282 alias
514 2239 562 2280 res
593 2217 699 2300 agenti
729 2217 869 2315 fraudem
893 2218 1033 2282 fecerunt
1057 2241 1101 2281 vs.
1127 2218 1201 2298 836,
1225 2217 1281 2281 ubi
1305 2217 1447 2294 μέγιστον

321 2330 408 2414 legit,
432 2340 464 2393 et
486 2353 530 2393 vs.
557 2333 621 2393 839
647 2352 713 2415 sqq.
739 2328 786 2394 Οἱ
811 2331 888 2395 Ach.
914 2333 988 2396 881.

316 2568 376 2633 'Vs
401 2560 482 2632 970.
639 2623 641 2626 .
753 2566 828 2630 ὑπαὶ
853 2567 1010 2647 πτερύγων.

364 2678 438 2746 vid.
462 2679 501 2743 ad
526 2682 584 2743 Av.
612 2681 707 2743 1426.

362 3166 465 3231 Schol.
497 3170 597 3229 sabra
628 3165 659 3229 δὲ
689 3165 770 3244 παρὰ
800 3165 840 3228 τὰ
869 3165 1031 3245 sopato.
1057 3167 1110 3228 An
1132 3185 1240 3228 verum
1264 3163 1306 3228 sit
1328 3171 1361 3227 et
1382 3184 1445 3246 quo

227 3295 232 3302 ‘
315 3279 475 3363 pertineat
508 3278 674 3341 nescimus.
708 3275 749 3339 N.
780 3285 813 3340 et
845 3275 885 3339 D.
916 3278 950 3340 in
980 3276 1164 3362 fragmentis
1183 3274 1223 3340 de
1245 3275 1306 3339 hoc
1328 3274 1445 3371 scholio

316 3389 397 3455 nihil
421 3396 664 3454 annotaverunt.
1275 3432 1278 3437 -

316 3611 371 3677 Vs.
403 3605 507 3675 1056.
532 3613 585 3676 καί
605 3636 638 3676 κε
660 3611 734 3689 γυνὴ
756 3609 835 3691 Φέρει
857 3609 961 3690 ἄχθος,
984 3612 1049 3675 ἐπεί
1068 3635 1117 3675 κεν
1140 3610 1212 3690 ἀνὴρ
1233 3611 1350 3691 ἀναθείη

529 3725 602 3788 ἀλλ’
626 3726 678 3789 οὐκ
699 3723 737 3788 ἂν
761 3724 944 3804 μαχέσαιτο.

357 3860 451 3926 Teste
475 3861 684 3926 scholiastae
705 3884 800 3947 parve
821 3861 930 3926 Iliade.
943 3861 1182 3946 colloquuntur
1193 3861 1331 3948 virgines
1343 3861 1448 3927 ’.11018-

313 3997 372 4038 nae
395 3974 434 4039 de
451 3973 565 4060 Ulysse
585 3983 618 4040 et
630 3977 735 4040 Aiace.
749 3974 859 4039 Altera
871 3975 997 4040 Aiacem
1009 3974 1158 4039 lendibus
1171 3975 1259 4040 effert
1271 3976 1328 4060 qui
1341 3975 1448 4040 Achil·-

314 4086 356 4150 lis
384 4110 497 4173 corpus
528 4087 671 4153 hostibus
706 4088 865 4174 cripuerat
895 4095 928 4152 et
958 4087 1099 4153 humeris
1120 4095 1305 4172 gestaverat,
1328 4089 1445 4154 altera:

497 4206 560 4273 πῶς
582 4201 783 4282 ἐκφωνήσεις
806 4205 868 4273 πῶς
891 4203 923 4265 οὐ
947 4198 1275 4278 undetricesima

499 4314 626 4392 666οκ

212 4418 216 4423 ’
299 4423 413 4488 deinde
438 4426 491 4490 ui
512 4451 547 4490 κε
571 4428 654 4503 γυνή
681 4427 751 4492 xri.
