3592 5484
359 631 399 693 18
777 648 1011 695 romanarum.

347 859 354 871 ·
380 817 428 881 dd
463 821 526 880 555
556 819 604 881 τὸν
633 817 664 882 δὲ
689 819 850 897 Timor:
875 815 1053 882 καὶταῦτα
1076 819 1109 882 ἐκ
1133 815 1278 897 Τηλέφου
1301 819 1368 898 Εὖρ.
1393 817 1465 884 Siue

337 930 434 996 dubio
458 929 507 995 his
530 930 632 995 tribus
656 930 761 996 verbis
784 931 1024 1016 coniungeudus
1047 938 1095 995 est
1118 952 1253 1016 sequens
1275 953 1383 996 versus

312 1127 315 1132 Ι
582 1047 634 1109 οὐκ
657 1044 818 1123 οἰόμεσθα
843 1050 908 1118 νοῦς
930 1044 975 1126 ἄρ’
1001 1047 1151 1122 immede
1172 1045 1221 1110 ἔνι.

380 1158 427 1224 Cf.
450 1159 555 1224 locum
577 1159 726 1224 Aristidis
750 1180 844 1244 quem
868 1159 980 1223 attulit
998 1158 1165 1224 Nauckius
1188 1159 1229 1223 ad
1252 1160 1290 1225 fr.
1316 1160 1396 1225 ⁷11:
1416 1162 1465 1227 τὸν

336 1273 533 1354 diffundor
556 1275 608 1338 οὐκ
629 1270 676 1338 oia
699 1273 740 1337 τὰ
763 1271 847 1337 αὐτὰ
869 1278 988 1348 raim
1117 1275 1149 1296 ·“

379 1387 552 1469 Quaeritur
583 1409 676 1472 quem
708 1386 814 1451 locum
847 1386 925 1451 haec
951 1387 1048 1452 verba
1079 1388 1113 1451 in
1136 1385 1300 1474 Euripidis
1321 1375 1464 1452 ¹dramate
1540 1447 1544 1452 .

336 1502 513 1567 habuerint.
546 1501 670 1583 Nauck,
703 1523 794 1586 quem
822 1504 965 1587 sequitur
988 1501 1135 1581 Dindorf‚
1159 1503 1334 1588 suspicatur
1357 1502 1465 1588 Ulyxis

336 1616 442 1694 fuisse,
474 1616 525 1680 cui
555 1615 670 1680 tribuit
701 1637 826 1701 quoque
854 1639 930 1681 vsm.
962 1619 1037 1681 543.
1062 1615 1222 1680 Ribbeck:
1245 1616 1318 1695 „Es
1341 1616 1463 1682 scheint

336 1751 423 1807 „aus
446 1729 532 1794 einer
557 1728 692 1793 Debattc
715 1728 811 1793 ueber
835 1727 989 1815 Telephus
1011 1727 1129 1794 Rode?

381 1841 501 1907 Dubito
522 1865 599 1908 num
622 1851 706 1909 recte
729 1843 947 1930 iudicaverint.
973 1842 1019 1907 Ut
1041 1849 1148 1907 autem
1168 1842 1462 1929 haecexploremus,

336 1955 550 2044 componenda
584 1964 631 2022 est
666 1979 737 2021 cum
767 1957 826 2021 hac
857 1956 1089 2044 Dicaeopolidis
1119 1957 1261 2022 oratione
1296 1980 1331 2022 ea
1368 1979 1460 2042 quam

334 2069 430 2134 habet
453 2069 668 2135 Mnesilochus
691 2069 879 2157 Thesmoph.
905 2074 970 2134 466
994 2093 1062 2156 sqq.
1088 2070 1303 2135 Mnesilochus
1326 2093 1382 2156 pro
1400 2069 1463 2134 Eu·

334 2184 436 2270 ripide
459 2184 553 2249 verba
576 2185 676 2249 facere
699 2184 871 2270 pollicitus,
896 2192 980 2249 veste
1005 2192 1129 2248 mutato
1152 2185 1186 2248 in
1207 2183 1376 2248 mulierum
1393 2206 1463 2249 con·

334 2300 454 2363 cionem
479 2298 594 2385 prodit,
619 2297 800 2384 Euripidem
821 2297 1017 2376 defensurus,
1037 2319 1132 2382 quem
1151 2298 1358 2362 damnaturos
1370 2305 1460 2377 sunt;

336 2412 391 2477 ubi
423 2413 498 2477 haec
531 2412 595 2477 fere
617 2412 711 2476 dicit:
734 2411 840 2491 „Non
863 2413 979 2476 mirum
997 2418 1045 2476 est
1067 2434 1121 2476 voa
1142 2411 1327 2497 Euripidem
1351 2391 1460 2495 odisse,

336 2549 428 2612 quem
464 2550 522 2613 ego
555 2549 680 2613 quoque
713 2527 774 2592 odi.
807 2514 963 2591 Attamen*
987 2549 1028 2592 ne
1055 2527 1154 2590 simus
1182 2527 1327 2591 iniustae.
1350 2525 1463 2592 Libere

333 2641 421 2726 loqui
452 2641 537 2722 licet,
569 2663 641 2706 cum
670 2663 732 2706 nou
763 2640 868 2705 adsint
898 2640 1070 2727 peregrini.
1103 2638 1169 2704 Cur
1189 2628 1303 2704 ¹autem
1336 2637 1462 2726 Euripi·

331 2755 401 2820 dem
435 2777 616 2820 accusamus
648 2776 802 2840 aegreque
833 2755 963 2819 ferimus
990 2753 1076 2839 quod
1098 2752 1181 2818 male
1203 2753 1242 2818 de
1264 2753 1355 2818 nobis
1376 2752 1461 2818 locu·

332 2879 386 2935 tus
420 2868 483 2934 sit?
513 2869 630 2934 Omnes
660 2869 742 2934 enim
774 2868 876 2933 multa
905 2868 1074 2933 admittere
1103 2867 1241 2932 solemus
1263 2866 1392 2953 flagitia,
1415 2890 1459 2932 vs

332 2984 520 3049 aro-517.
546 2981 633 3063 Quid
655 2983 754 3069 igitur
777 2980 926 3068 Euripidi
949 2982 1130 3061 irascemur,
1150 3003 1215 3046 nou
1233 2981 1376 3067 graviora
1395 3004 1461 3068 pas

331 3118 383 3160 sae
406 3118 500 3181 quam
523 3095 695 3161 fecimusd'
931 3072 938 3086 ⁸

377 3209 467 3291 Quae
498 3210 525 3274 si
555 3232 626 3274 cum
657 3210 760 3275 verbis
791 3195 1025 3296 Dicaeopolidis
1048 3231 1276 3295 comparamus,
1300 3209 1458 3275 neminem

329 3323 431 3408 fugiet
455 3346 631 3388 cousensus.
655 3323 743 3388 Idem
766 3324 831 3389 fere
853 3329 901 3388 est
923 3346 1023 3389 nexus
1046 3322 1209 3399 orationis,
1233 3322 1340 3387 eadem
1363 3302 1460 3389 intor-

332 3435 408 3500 dum
431 3444 604 3501 occurrunt
624 3436 728 3501 verba.

283 3572 286 3575 ·
377 3549 551 3636 Utriusque
574 3553 723 3617 orationis
745 3552 872 3616 initium
897 3559 944 3616 est
963 3552 1103 3638 captatio
1122 3550 1369 3616 benevolentiae.
1389 3550 1462 3616 Pro

283 3643 290 3656 '
331 3664 439 3728 natur
470 3664 684 3730 unanoenus
715 3689 747 3730 sa
776 3664 964 3751 Euripidem
991 3665 1105 3744 onae,
1137 3663 1336 3750 oraapom
1366 3663 1461 3730 moo-

332 3777 529 3844 daemonias:

373 3892 496 3958 Thesm.
520 3897 585 3957 469
609 3895 705 3967 καύτὴ
730 3895 788 3975 γὰρ
813 3893 904 3978 ἔγωγ’
919 3943 1017 3958 .....

590 4011 686 4084 -μισῶ
708 4008 758 4072 τὸν
780 4006 860 4087 ἄνδρ’
885 4010 1001 4079 ἐκεῖνον.
1025 4008 1051 4071 εἷ
1074 4007 1119 4086 μὴ
1142 4008 1299 4086 μαίνομαι.

421 4118 501 4183 ach.
526 4122 589 4183 509
613 4121 672 4197 ἐγὼ
695 4118 726 4184 δὲ
749 4125 826 4198 μισῶ
851 4122 918 4194 τοὺς
941 4121 1193 4199 Ambarmr'ovc
1216 4121 1340 4203 owpa

374 4228 509 4296 Veritati
541 4239 645 4298 tamen
675 4233 747 4320 plus
778 4233 986 4300 tribuendum
1018 4256 1203 4320 essequam
1226 4233 1298 4299 odio
1322 4241 1354 4299 et
1377 4234 1462 4300 nihil

293 4407 299 4422 ,
328 4343 501 4430 impedire.
518 4347 688 4431 quominus
726 4348 819 4434 aequi
857 4349 931 4428 sint,
961 4348 1089 4414 nullum
1121 4348 1207 4414 euim
1238 4347 1344 4416 adesse
1375 4347 1460 4436 pare·

327 4481 476 4545 grmum:
