3592 5484
608 1592 1129 1678 PRAEFATIO.

773 1901 966 1935 ...ι-

351 2160 536 2248 Saepissime
567 2159 809 2246 Aristophanem
840 2156 979 2224 versibus
1009 2159 1140 2224 afiorum
1172 2163 1345 2244 poetarum,
1370 2159 1432 2246 epi-

304 2295 422 2354 corum,
453 2273 632 2360 lyricorum,
668 2272 810 2360 inprimis
841 2273 1029 2358 tragicorum
1060 2296 1152 2339 usum
1184 2297 1250 2339 esse
1274 2274 1431 2339 neminem

304 2386 383 2453 latet
412 2387 469 2473 qui
499 2388 566 2452 eius
596 2386 770 2452 comoedias
801 2387 979 2473 inspexerit.
1006 2387 1071 2469 Qui
1094 2389 1119 2452 si
1143 2411 1248 2453 omnes
1271 2389 1304 2454 in
1327 2388 1431 2453 lucem

304 2500 443 2588 protrahi
466 2509 604 2589 possent,
625 2502 726 2566 multa
749 2524 830 2587 quae
853 2524 937 2566 nunc
961 2502 1093 2587 caligine
1117 2500 1251 2567 obducta
1271 2510 1346 2567 sunt
1364 2525 1431 2589 per·

303 2615 410 2702 spicua
440 2617 544 2680 forent
574 2616 756 2701 multasque
788 2615 902 2680 summi
924 2617 1033 2681 comici
1056 2615 1182 2682 facetias
1204 2617 1317 2682 melius
1339 2617 1431 2683 intel·

302 2729 486 2816 legeremus.

346 2842 519 2928 Plerosque
542 2844 604 2908 iam
627 2843 804 2929 tetigerunt
824 2844 908 2908 locos
932 2844 989 2909 viri
1012 2844 1097 2910 docti
1119 2846 1175 2930 qui
1194 2845 1431 2910 commentarios

302 2958 335 3022 in
354 2957 597 3044 Aristophanem
618 2957 825 3045 scripserunt3
849 2957 958 3023 sedulo
981 2958 1019 3022 de
1040 2960 1168 3045 parodia
1191 2965 1325 3045 egerunt
1346 2959 1429 3024 inter

301 3070 379 3136 alios
410 3068 551 3136 Taeuber
581 3077 613 3136 ct
644 3070 784 3136 Ribbeck
810 3070 842 3156 ¹).
875 3070 1017 3152 Quorum
1046 3073 1159 3160 script-a
1191 3073 1328 3137 multum
1352 3072 1429 3138 mihi

302 3185 498 3270 profuerunt.
531 3182 611 3249 Cum
641 3185 747 3250 airtem
778 3207 841 3250 nou
873 3207 978 3250 omncs
1008 3193 1045 3250 ut
1071 3186 1150 3250 mihi
1172 3187 1321 3251 videntur
1343 3187 1428 3252 locos

301 3297 508 3364 indicaverint
538 3319 641 3382 neque
672 3296 731 3363 sibi
756 3299 977 3385 proposuerint
998 3299 1148 3364 iudicatos
1170 3301 1254 3366 locos
1277 3301 1429 3386 interpre-

300 3412 362 3477 tari
380 3433 444 3476 non
462 3418 532 3476 acta
551 3411 629 3475 mihi
647 3434 738 3497 agero
756 3411 883 3477 videbar
901 3413 1042 3498 parodias
1061 3412 1304 3500 Aristophaneas
1323 3389 1428 3478 denuo

300 3525 449 3611 colligens
471 3532 504 3590 et-
526 3523 582 3590 ubi
606 3547 685 3612 opus
709 3533 791 3590 esset
816 3525 1070 3591 annotationibus
1093 3527 1261 3592 instruens.

333 3789 351 3850 ¹)
368 3788 402 3839 H.
425 3789 543 3839 Tacuber.
567 3789 607 3838 De
628 3805 675 3838 aaa
694 3788 819 3853 parocia«
840 3789 908 3853 apud
927 3788 1122 3852 Aristophanem.
1147 3788 1282 3839 Nachricht
1305 3805 1353 3840 von
1371 3790 1427 3841 dem

299 3881 361 3931 uon.
379 3880 636 3931 Joachimathalacheu
654 3881 824 3945 Gymnasium.
843 3881 963 3930 Beroliui.
983 3881 1055 3931 1849.

332 3972 473 4022 Woldemar
497 3972 616 4021 Ribbeck.
643 3973 682 4021 De
705 3988 752 4021 aaa
771 3972 894 4036 parodiae
917 3973 986 4036 ‘apud
1008 3971 1110 4022 comicos
1126 3972 1316 4022 Atheniensium.
1335 3975 1426 4026 ParsI

299 4064 439 4126 (continens
460 4064 587 4130 epicorum
611 4064 742 4129 perediae).
766 4064 796 4113 In
824 4069 1003 4130 programmate
1019 4064 1139 4128 gymnasii
1158 4063 1211 4114 Col.
1228 4064 1331 4132 Agripp.
1353 4067 1426 4117 Bero-

298 4157 355 4207 lini.
374 4155 447 4210 18⁶1.

269 4253 271 4256 ’
331 4249 368 4299 lo.
394 4249 444 4299 Die
467 4249 606 4299 Paroda'ein
624 4248 872 4298 comerciacum
891 4248 1030 4319 Kourikm.
1053 4248 1156 4298 Zweiter
1174 4248 1255 4298 Theil.
1280 4250 1424 4300 zeitschrift

265 4321 269 4385 i
298 4341 339 4391 sur
356 4341 399 4391 das
415 4342 639 4407 Gymnasialweaeu
657 4341 736 4391 XVII.
755 4341 876 4391 Beroliui.
896 4341 969 4390 laos,

331 4432 367 4483 lr.
394 4434 444 4483 Die
468 4433 634 4483 dramata'mbe
657 4432 796 4482 Parodiein
822 4432 860 4481 aa·
882 4433 929 4481 den
952 4430 1079 4481 Aulacia
1102 4432 1241 4484 uoniam.
1268 4432 1424 4498 Epimetrum

300 4524 471 4573 commentarii
488 4524 515 4573 in
533 4523 704 4573 Acharnemea
722 4509 906 4588 Aristophanis.
924 4522 1030 4588 Lipsiae.
1050 4523 1122 4572 1864»

1582 2791 1610 2822 χ
1630 2838 1633 2842 .
