3592 5484
358 675 422 736 151
840 691 958 736 uanas.

334 865 367 922 et
390 859 493 923 Schol.
521 862 604 923 1051
630 860 742 925 ronna}
765 860 819 933 τὴν
842 859 1016 934 {levidam
1039 859 1250 937 μιμησάμειιιι
1268 866 1385 925 πιοῦσαι
1405 861 1461 924 xd-

337 998 406 1038 νειον
429 975 634 1048 traniensem.

379 1086 466 1168 Quid
495 1089 719 1175 Aristophanes
742 1090 878 1154 voluerit
902 1090 1048 1175 expedire
1071 1112 1136 1154 non
1160 1088 1250 1154 facile
1273 1098 1330 1154 est.
1355 1087 1462 1154 Kock:

334 1204 417 1282 „Sia
448 1203 608 1269 schiimteu
643 1205 707 1268 sich
741 1204 796 1269 der
831 1205 986 1269 unreiuen
1023 1203 1197 1288 Begierden
1226 1203 1309 1268 ihres
1339 1204 1462 1287 eigencs

334 1368 353 1396 „
364 1318 570 1383 Geschlechts
592 1320 633 1382 im
647 1320 821 1404 Gegensatz
832 1342 870 1383 zu
885 1320 941 1383 der
955 1318 1149 1383 Keuschheit
1160 1318 1215 1383 des
1224 1317 1465 1404 Bellerophon.”

334 1431 456 1496 Dubito
485 1455 563 1497 num
591 1443 685 1498 recte.
717 1435 828 1520 Carpit
856 1434 1033 1519 Aeschylus
1064 1433 1250 1519 Euripidem
1275 1433 1359 1517 quod
1382 1435 1465 1498 neia-

330 1548 392 1611 rias
421 1549 455 1612 in
485 1572 607 1613 menam
631 1549 782 1636 produxit
806 1550 964 1629 mulieres,
989 1548 1145 1613 Phaedrae
1168 1547 1460 1633 Stheneboeasque;

335 1662 444 1745 itaque
457 1665 579 1747 roganti
592 1664 668 1746 quid
683 1664 755 1728 illae
768 1672 900 1728 noceant
915 1663 1128 1727 Stheneboeae
1141 1662 1325 1747 respondere
1336 1685 1400 1727 non
1412 1685 1464 1750 po

334 1778 416 1840 tuit:
440 1779 516 1861 quia
539 1777 578 1841 ob
602 1779 776 1842 castitatem
802 1777 1056 1862 Bellerophontis
1080 1784 1239 1840 matronae
1263 1799 1380 1840 veneno
1405 1776 1466 1841 sibi

207 1889 219 1902 '
336 1899 468 1955 mortem
492 1892 721 1956 consciverunt.
743 1892 902 1976 Suspicari
923 1891 1041 1969 malim,
1063 1912 1254 1975 quamquam
1273 1912 1375 1975 neque
1386 1891 1465 1956 mihi

335 2007 439 2070 omnia
476 2008 639 2092 perspicua
675 2016 760 2084 sunt,
792 2029 854 2071 non
886 2007 1029 2071 homines
1060 2005 1194 2070 voluisse
1225 2005 1462 2091 Aristophanem

336 2121 390 2185 sed
416 2120 592 2204 tragoedias
615 2121 717 2205 qualis
737 2120 946 2207 Bellerophon
968 2121 1041 2184 fuit.
1062 2119 1136 2206 Ipsa
1150 2118 1342 2183 Stheneboea
1354 2120 1385 2183 in
1398 2119 1466 2183 dra·

337 2242 421 2298 mate
452 2234 693 2320 Bellerophonte
724 2258 788 2298 non
811 2236 928 2320 prodiit
953 2236 1001 2318 (ci.
1026 2235 1064 2298 ad
1090 2237 1161 2297 Pac.
1189 2235 1241 2315 76)
1264 2233 1318 2297 sed
1339 2234 1371 2297 iu
1395 2256 1464 2319 pro·

337 2348 410 2433 logo
442 2357 473 2411 et
495 2373 511 2412 e
535 2348 784 2434 Bellerophontis
807 2350 945 2433 querelis
967 2350 1043 2413 satis
1066 2370 1214 2433 apparere
1238 2348 1345 2433 potuit
1369 2370 1464 2431 quam

337 2461 502 2527 libidinosa
526 2474 556 2527 et
580 2465 696 2548 perfida
719 2474 809 2528 esset.

380 2579 430 2641 An
468 2579 551 2661 quod
584 2579 622 2642 de
655 2577 848 2643 Stheneboea
880 2601 999 2642 veneno
1023 2586 1154 2641 mortem
1175 2576 1233 2642 sibi
1257 2577 1464 2642 consciscentes

335 2702 508 2755 memorant
539 2692 720 2756 scholiastae
750 2701 780 2757 et
813 2686 960 2778 llyginus
990 2691 1052 2755 fab.
1086 2694 1126 2756 57
1152 2715 1190 2756 ex
1211 2691 1364 2778 Euripide
1387 2693 1464 2778 peti-

334 2813 404 2868 tum
439 2807 490 2881 sit,
527 2808 692 2871 nescimus.
723 2807 762 2871 In
794 2808 934 2871 dramate
967 2805 1162 2870 Stheneboea
1193 2806 1299 2890 regina
1323 2806 1356 2869 in
1380 2828 1463 2870 mare

335 2918 469 2984 deicitur
477 2948 487 2998 ;
518 2921 584 2985 fieri
606 2930 710 3008 potest
733 2946 800 2986 eam
824 2923 857 2987 iu
882 2923 1022 2986 dramate
1046 2920 1287 3006 Bellerophonte
1307 2942 1460 2984 venenum

334 3034 482 3098 sumsisse
514 3036 643 3119 eiusque
675 3044 806 3100 mortem
839 3035 1078 3120 Bellerophonti
1110 3035 1288 3098 nuntiatam
1319 3057 1394 3113 esse,
1423 3034 1461 3098 ci.

334 3146 491 3212 Welcker.
523 3148 559 3211 ΙΙ
590 3172 620 3235 p.
656 3153 729 3215 784.
754 3149 874 3213 Verum
899 3148 1053 3234 quidquid
1079 3148 1137 3211 hac
1161 3147 1198 3211 de
1222 3171 1254 3210 re
1278 3146 1461 3228 iudicemus,

333 3283 395 3324 uon
432 3262 535 3325 minus
568 3262 703 3327 absurda
738 3272 786 3327 est
822 3262 1043 3348 Aristophanis
1081 3260 1258 3325 criminatio
1288 3283 1331 3324 vs.
1366 3263 1461 3340 1050,

335 3398 429 3459 quam
449 3399 485 3440 ea
504 3399 599 3460 quam
619 3379 736 3463 profert
747 3377 786 3440 de
798 3379 838 3441 iis
850 3378 906 3461 qui
917 3384 1102 3456 τριηραρχεῖν
1115 3382 1296 3439 recusarent
1307 3398 1350 3438 vs.
1365 3377 1461 3439 1065.

336 3663 390 3728 Vs.
419 3657 512 3729 1079
536 3687 602 3749 sqq.
627 3668 658 3729 οὐ
681 3668 871 3745 spectatorem
895 3662 1041 3738 κιτεῖειὲ
1066 3659 1158 3736 οὗτος,

624 3782 676 3844 xxi
700 3781 860 3851 τικτιύσις
884 3783 913 3844 ἐι
936 3788 995 3851 rtis
1019 3781 1111 3859 ἱερεῖς,

624 3896 676 3959 xxi
700 3896 887 3973 μιγνυμένας
911 3902 1002 3958 τοῖσιν
1026 3895 1183 3973 ἀδελφοῖς,

626 4011 677 4073 xxi
701 4010 879 4087 φασκιύσιις
903 4011 935 4072 cri
959 4008 1012 4087 ζῆν
1036 4009 1070 4071 τὸ
1093 4006 1165 4086 ζῆν;

379 4174 557 4252 Πριιιγωγὸε
589 4173 621 4236 in
655 4171 825 4258 Hippolyto
854 4173 921 4235 erat
953 4169 1112 4233 Phaedrae
1136 4168 1263 4243 nutrix3
1288 4168 1321 4231 in
1344 4166 1462 4252 templo

334 4293 496 4372 pepererat
527 4289 635 4370 Auge;
667 4288 805 4352 Canaces
836 4295 868 4350 et
900 4285 1036 4348 Macarei
1059 4284 1212 4347 incestum
1237 4289 1458 4366 argumentum

333 4401 396 4465 tuit
427 4402 528 4478 Aeoli,
558 4402 597 4466 cf.
621 4426 664 4464 vs.
690 4404 753 4465 850
779 4411 812 4465 et
835 4400 923 4465 Nub.
951 4400 1047 4463 1371.
1073 4396 1127 4461 Vs.
1155 4399 1240 4461 1082
1264 4403 1384 4480 spectat
1406 4416 1460 4458 no

334 4514 492 4580 tissimum
515 4514 597 4580 illud
621 4514 797 4602 Euripidis:
