3592 5484
302 654 336 698 VI
755 653 943 699 mauram.

322 824 436 908 Itaque
457 822 590 887 lustravi
609 824 830 909 Aristophanis
848 824 1021 889 comoedias
1040 832 1072 888 et
1089 824 1263 908 fragmenta
1280 831 1323 902 et,
1336 845 1409 888 cnm

280 937 365 1023 apud
388 937 606 1022 grammaticos
627 937 690 1003 late
715 945 846 1025 pateant
864 938 1010 1026 parodiae
1031 938 1108 1002 fines
1127 937 1199 1022 (vid.
1222 935 1339 1002 Taenb.
1351 936 1373 1000 l.
1386 936 1408 1002 l.

277 1074 308 1137 p.
343 1054 358 1114 l
391 1073 457 1136 sqq.
488 1050 584 1116 Ribb.
615 1051 663 1116 De
692 1075 751 1117 usu
783 1052 891 1139 parod.
918 1051 1004 1117 Part.
1029 1051 1057 1116 I.
1085 1075 1116 1138 p.
1143 1055 1159 1115 1
1186 1054 1274 1136 sqq),
1301 1073 1409 1116 omnes

279 1165 358 1229 mihi
387 1167 530 1252 proposui
563 1190 747 1253 componere
770 1166 854 1232 locos
877 1166 994 1253 quibus
1017 1168 1152 1231 comicus
1174 1166 1251 1231 alios
1275 1166 1404 1252 respicit

278 1288 395 1366 poetas,
426 1303 488 1344 non
517 1287 645 1346 tantum
675 1282 821 1368 parodias
849 1305 921 1346 vere
950 1283 994 1347 sic
1024 1283 1124 1347 dictas
1154 1280 1270 1366 qnibus
1303 1282 1409 1367 gravia
1489 1333 1498 1344 .

278 1394 411 1459 aliorum
441 1394 534 1460 verba
557 1404 615 1461 aut
637 1397 817 1482 tragoediae
839 1405 1025 1482 argumenta
1048 1398 1081 1461 in
1103 1398 1206 1460 iocum
1232 1383 1406 1481 detorquet,

278 1511 310 1575 id
348 1533 441 1595 agens
475 1517 513 1574 ut
546 1519 603 1575 aut
635 1511 845 1598 reprehendat
879 1520 945 1591 aut,
983 1510 1068 1595 quod
1101 1509 1288 1596 plerumque
1320 1510 1406 1591 facit,

280 1625 378 1689 risum
401 1633 433 1687 et
456 1625 646 1690 hilaritatem
670 1627 797 1704 excitet,
821 1626 875 1690 sed
899 1647 951 1689 eos
974 1647 1101 1710 quoque
1122 1625 1209 1689 locos
1229 1623 1285 1689 ubi
1309 1624 1410 1689 aliena

279 1736 373 1803 verba
404 1739 481 1803 citat
510 1739 560 1802 vel
591 1739 657 1804 suis
679 1740 795 1804 intexit
817 1746 855 1804 ut
877 1761 1050 1804 sermonem
1074 1761 1167 1803 snum
1192 1740 1408 1804 rotundiorem

280 1860 313 1917 et
336 1852 557 1937 elegantiorem
581 1852 702 1918 reddat.
726 1851 808 1918 Cum
832 1861 938 1917 antem
963 1854 1112 1918 acerrima
1136 1851 1198 1916 tela
1217 1853 1250 1916 in
1274 1853 1409 1937 tragicos

279 1968 444 2032 coniecerit
464 1968 698 2053 Aristophanes,
712 1971 774 2054 'par
793 1976 860 2032 erat
879 1968 917 2032 de
935 1968 984 2032 his
1003 1990 1052 2031 me
1070 1966 1224 2052 copiosius
1237 1966 1407 2053 disputare.

323 2079 412 2161 Quae
441 2083 503 2145 iam
532 2080 571 2146 ab
602 2081 673 2146 aliis
703 2080 742 2146 ab
765 2083 850 2146 omni
872 2089 960 2167 parte
980 2081 1139 2167 explorata
1163 2088 1251 2145 erant
1273 2081 1408 2146 indicavi

278 2200 414 2275 tant-nm,
446 2195 540 2281 paulo
572 2194 701 2260 fortasse
731 2194 910 2260 obscuriora
937 2195 1091 2281 explicare
1114 2202 1244 2259 conatus
1268 2217 1348 2274 sum,
1372 2196 1405 2260 in

279 2308 430 2393 originem
452 2310 651 2394 parodiarum
674 2309 835 2393 inquisivi,
855 2310 1035 2394 praesertim
1055 2316 1093 2372 ut
1111 2308 1307 2372 ostenderem
1327 2309 1407 2392 quid

276 2421 400 2486 valeant
424 2422 599 2486 comoediae
622 2422 845 2508 Aristophanis
866 2422 906 2486 ad
929 2421 1105 2508 deperditas
1127 2421 1302 2506 tragoedias
1321 2423 1409 2486 resti·

278 2536 420 2601 tuendas
445 2535 608 2600 Nonnulla
631 2544 794 2622 praeterea
817 2537 964 2600 annotavi
988 2558 1068 2621 quae
1091 2537 1124 2600 in
1145 2537 1406 2602 commentatione

277 2648 316 2712 de
338 2649 465 2734 parodia
484 2650 517 2713 in
537 2648 748 2734 Aristophane
767 2648 859 2713 facile
878 2648 984 2713 abesse
1003 2656 1180 2734 potuerant,
1201 2671 1281 2733 quae
1300 2658 1405 2716 tamen

280 2786 328 2826 me
346 2759 445 2826 obiter
464 2763 633 2841 monuisse,
653 2761 825 2826 dummodo
843 2762 966 2846 aliquid
986 2763 1050 2826 veri
1068 2763 1154 2843 insit,
1174 2762 1305 2828 lectores
1316 2786 1404 2850 spero

277 2875 341 2940 lore
365 2884 402 2939 ut
424 2876 502 2940 vitio
524 2875 604 2940 mihi
626 2898 691 2941 non
713 2883 847 2942 vertant.

323 2989 413 3071 Quae
432 2991 535 3053 omnia
554 2989 752 3077 explorantes
764 3013 829 3055 uon
841 3012 1006 3076 possumus
1017 3012 1078 3054 non
1091 2990 1238 3055 admirari
1250 2999 1283 3055 et
1293 2992 1416 3058 comici?

276 3102 352 3167 felix
383 3104 545 3188 ingenium
576 3106 772 3190 iocosamque
802 3105 1012 3191 petulantiam
1034 3128 1115 3190 quae
1136 3114 1207 3193 post
1229 3114 1278 3170 tot
1301 3107 1406 3173 secula

276 3218 414 3304 legentes
441 3219 545 3284 adhuc
568 3220 731 3300 exhilarat,
756 3228 789 3284 et
812 3227 927 3284 teretes
950 3242 1042 3284 aures
1064 3219 1181 3283 theatri
1204 3219 1405 3286 Atheniensis

155 3409 163 3425 ἱ
277 3334 361 3417 qnod
379 3356 616 3417 nonnumquam
635 3335 764 3418 quidem
783 3334 880 3398 salem
900 3333 1095 3417 Megaricum
1118 3333 1224 3397 Attico
1243 3333 1403 3419 praetulit,

277 3455 310 3510 at
333 3455 496 3534 tantopere
519 3453 624 3512 tamen
646 3456 756 3535 poetas
778 3445 904 3512 amabat
926 3453 958 3511 et
981 3448 1112 3511 triverat
1133 3454 1169 3511 nt
1189 3447 1406 3532 Aristophanis

277 3562 420 3648 parodias
442 3561 625 3646 intellegere
648 3569 753 3648 posset
772 3563 873 3646 iisque
894 3560 1114 3625 delectaretur.
1136 3559 1292 3625 Docemur
1309 3560 1402 3625 simul

277 3675 354 3759 quid
385 3675 423 3739 de
452 3676 521 3740 aliis
550 3678 652 3760 poetis
685 3677 910 3762 Aristophanes
934 3675 1075 3739 senserit.
1100 3674 1214 3759 Epicos
1236 3684 1269 3739 et
1292 3675 1404 3760 lyricos

276 3811 339 3853 non
375 3811 465 3874 saepe
494 3790 601 3874 tetigit
629 3798 663 3853 et
696 3789 837 3855 ludibrio
865 3789 971 3853 nullos
1002 3786 1098 3852 habet
1119 3788 1180 3851 nisi
1204 3788 1405 3854 oraculorum

275 3905 536 3968 consarcinatores
559 3912 592 3968 et
614 3903 861 3990 dithyrambieos
880 3903 1111 3988 ampullantes;
1134 3901 1296 3989 Sophoclis
1312 3902 1406 3968 verba

276 4017 429 4080 rarissime
451 4017 580 4098 attulit;
603 4017 796 4103 Aeschylum
821 4015 1046 4093 admirabatur,
1072 4016 1117 4079 ita
1139 4024 1245 4080 tamen
1268 4025 1306 4081 ut
1328 4039 1408 4082 non·

276 4150 447 4212 numquam
477 4128 641 4195 subridens
670 4131 739 4195 eius
769 4130 950 4214 magnificos
973 4138 1005 4192 et
1028 4128 1215 4214 ponderosos
1239 4131 1319 4194 citet
1341 4153 1406 4195 ver-

276 4265 346 4321 sns;
380 4244 563 4329 Euripidem
593 4269 666 4331 prae
697 4246 768 4310 aliis
800 4242 998 4310 mordacibus
1028 4244 1176 4309 laceravit
1200 4246 1285 4310 iocis.
1311 4245 1405 4327 Quod

276 4379 464 4441 quamquam
499 4382 737 4445 nonnumquam
768 4362 838 4424 iure
869 4359 976 4424 fecisse
1005 4358 1084 4422 mihi
1117 4359 1252 4439 videtur,
1277 4359 1405 4424 minime

277 4468 396 4554 ubique
436 4472 469 4536 in
511 4470 696 4559 Euripidem
735 4472 826 4538 nobis
867 4470 1126 4538 subscribendum
1158 4494 1224 4537 esse
1260 4471 1404 4538 arbitror.
