3592 5484
368 672 408 735 70
875 692 948 736 aar.

342 858 409 923 lum
438 857 611 939 advenisse,
635 884 679 924 vs.
705 862 768 924 283
792 862 938 940 προλιπιὶν
958 859 1052 940 χέένα
1075 859 1189 941 μητέρα
1212 859 1326 937 μέλειν,
1347 855 1419 923 ὄπτ’
1441 860 1472 933 ές

340 971 513 1046 ἀθανάτους.

386 1083 491 1150 Crevit
523 1087 630 1152 sabula
660 1088 773 1153 eundo.
791 1084 915 1152 ‘Tradit
943 1087 1108 1166 Pindarus,
1132 1086 1185 1153 Ol.
1204 1087 1290 1153 XIII
1315 1092 1378 1154 120
1403 1111 1469 1175 sqq.

164 1246 171 1259 .
224 1227 226 1231 ¹
340 1199 616 1288 Bellerophontem
638 1201 757 1287 Pegaso
780 1211 906 1267 rectum
929 1224 1066 1289 pugnam
1089 1201 1195 1266 iniisse
1215 1209 1256 1281 et,
1276 1201 1389 1267 Isthm.
1403 1200 1470 1267 VH

342 1318 384 1378 64
409 1337 487 1399 sqq„
511 1339 595 1394 eum,
620 1316 743 1380 coelum
768 1338 840 1379 cnm
864 1317 961 1380 visere
985 1315 1091 1392 vellet,
1114 1316 1148 1378 in
1172 1323 1288 1379 terram
1313 1315 1469 1389 deiectum

340 1453 406 1493 esse
430 1436 463 1492 et
485 1430 598 1493 misere
620 1430 749 1516 periisse
771 1429 789 1493 ο”
808 1453 851 1494 τοι
874 1430 1000 1510 πτερόεις
1023 1428 1116 1510 ἔρριψε
1134 1429 1278 1507 Πάγασος
1298 1428 1303 1518 Ι
1323 1430 1471 1495 δεσπόταν
1571 1453 1575 1458 ·

339 1544 463 1608 ἐθέλοντ’
493 1545 524 1614 ές
553 1545 672 1624 οὐρανοῦ
703 1545 855 1622 σταθμοὺς
875 1543 880 1633 Ι
900 1547 992 1609 ἐλθεῖν
1022 1546 1087 1622 μεθ’
1110 1543 1252 1625 ὁμάγυριν
1273 1544 1469 1625 Βελλεροφόν-

339 1682 397 1722 ταν
416 1656 421 1745 Ι
443 1657 541 1731 Ζηνός.
567 1657 695 1742 Equum
715 1667 824 1723 autem
846 1660 877 1723 in
902 1658 1022 1723 coelum
1047 1659 1191 1736 evolare,
1217 1655 1268 1722 Ol.
1282 1646 1373 1722 ΙΧΙΠ
1395 1659 1468 1740 131,
1516 1659 1525 1675 ’

340 1772 417 1836 τόνδ’
440 1774 470 1836 έν
495 1773 655 1853 Οὐλύμπῳ
677 1773 793 1854 Φέτναι
816 1773 906 1846 Ζηνὸς
924 1774 1053 1853 οὶρχαῒαι
1072 1772 1212 1837 δέκονται.
1231 1768 1383 1836 Fabulam
1395 1792 1470 1856 qna·

339 1885 400 1948 lein
433 1885 565 1949 tradidit
596 1885 754 1951 Pindarus
785 1887 936 1971 expressit
958 1886 1134 1972 Euripides.
1159 1884 1262 1950 Schol.
1288 1884 1360 1949 Pae.
1387 1888 1467 1950 147:

341 2003 448 2072 έκεῖνος
473 2000 663 2086 (Euripides)
687 2002 790 2082 δρΞμα
812 2001 929 2073 ἕποι’νοε
950 2001 998 2065 τὸν
1020 2001 1253 2080 Βελλεροφόντην
1276 2001 1305 2064 ἕν
1328 1993 1349 2079 ᾧ
1369 2000 1469 2079 χωλὸν

339 2113 500 2191 εἰσήγαγεν
523 2116 612 2179 αιἰπὸν
636 2115 685 2179 δια
707 2116 740 2179 πο
764 2114 949 2178 πεπτωκέναι
972 2114 1032 2178 art
1055 2118 1105 2178 τοῦ
1125 2112 1269 2190 Πηγάσου
1291 2096 1469 2191 druidarum

338 2229 377 2300 εἷς
401 2230 514 2308 οὐρανὲν
536 2230 678 2293 οὶνελέεῖν.

383 2343 482 2407 Initio
516 2344 676 2422 dramatis,
707 2351 745 2407 ut
774 2368 790 2409 e
821 2345 1002 2429 fragmentis
1032 2342 1136 2407 videre
1169 2350 1225 2420 est,
1257 2344 1354 2409 animi
1377 2367 1468 2430 aeger

339 2459 545 2541 conqueritur
567 2457 736 2545 proborum
759 2459 917 2523 adversam
941 2459 1097 2523 fortunam
1122 2465 1154 2521 et
1176 2458 1331 2522 iniustum
1355 2459 1466 2523 satum.

338 2571 377 2636 In
401 2594 438 2635 eo
461 2571 566 2636 differt
588 2571 781 2657 Euripideus
805 2571 1012 2659 Bellerophon
1033 2570 1072 2636 ab
1089 2571 1257 2637 Homerico
1279 2572 1335 2657 qui
1362 2571 1468 2638 dolore

337 2707 502 2771 oppressus
533 2695 601 2750 erat
624 2684 663 2750 ob
688 2695 820 2751 mortem
844 2686 1012 2752 liberorum
1037 2689 1105 2767 οὐχ,
1130 2689 1168 2759 ὥς
1190 2685 1214 2751 οἱ
1232 2687 1358 2767 νεώτεροί
1377 2694 1466 2769 φασι,

338 2801 592 2881 μελαγχολήσας,
616 2802 688 2865 ἀλλ’
712 2803 888 2878 ε’δυνώριενος
911 2800 960 2865 ἐπὶ
985 2810 1023 2880 τῇ
1046 2807 1103 2865 τῶν
1124 2802 1230 2865 ἑαυτοῦ
1249 2802 1364 2866 παίδων
1381 2803 1466 2866 alxa-

335 2915 411 2996 λεέρ,
441 2913 545 2979 Schol.
570 2916 663 2979 Hom.
688 2914 730 2978 Il.
755 2913 804 2978 VI
829 2918 902 2978 202.
928 2913 1075 2979 Welclrer
1096 2937 1126 3000 p.
1153 2914 1465 2980 renuntiandi

337 3029 480 3091 conscius
510 3028 645 3109 sceleris,
675 3051 818 3093 morosus
847 3037 880 3092 et
910 3028 1163 3108 melancholicus,
1195 3028 1322 3092 diaserit
1342 3028 1382 3093 de
1404 3027 1466 3093 diis

337 3142 393 3225 qui
417 3165 465 3206 res
486 3143 640 3207 humanas
658 3141 833 3227 gnbernare
856 3142 1017 3220 dicuntur,
1037 3142 1074 3206 fr.
1096 3145 1170 3221 287,
1192 3145 1266 3221 288,
1288 3145 1353 3207 294
1373 3144 1488 3207 cuius-

336 3261 515 3340 postremus
556 3278 664 3321 versus
707 3258 732 3320 εἰ
775 3257 832 3320 θεοί
860 3281 888 3320 τι
921 3257 1020 3336 δρῶσιν
1055 3257 1185 3336 αἰσχρὸν,
1219 3258 1269 3320 οὐκ
1304 3255 1377 3320 εἰσὶν
1412 3256 1468 3321 θεοί

336 3367 476 3452 (fortaee
509 3391 637 3453 qnoque
672 3392 715 3432 rs.
753 3372 772 3432 6
800 3369 885 3434 οὶλλοὶ
915 3393 957 3433 σοι
989 3366 1073 3443 λέξαι
1097 3370 1190 3452 θέλοι)
1213 3392 1231 3431 a
1254 3368 1467 3455 praecedenti·

335 3481 394 3545 bus
421 3482 652 3567 disiungendus
682 3482 817 3548 ridetur.
851 3483 940 3565 Quae
970 3485 1067 3549 inerit·
1097 3485 1165 3548 eius
1187 3484 1336 3548 tristitiae
1359 3507 1463 3564 caum,

332 3617 372 3658 an
404 3594 573 3661 liberorum
609 3619 701 3678 mors,
738 3604 776 3661 ut
809 3598 893 3683 apud
924 3597 1108 3676 Homerum,
1139 3621 1156 3662 e
1187 3597 1371 3683 fragmentis
1400 3620 1463 3663 non

335 3717 475 3794 apparet.

378 3819 461 3884 Utut
490 3829 547 3902 est,
579 3822 854 3910 Bellerophontem
883 3825 974 3889 finxit
1002 3823 1170 3911 Euripides
1199 3846 1263 3888 non
1286 3825 1379 3890 modo
1401 3849 1464 3891 sor·

332 3941 394 3998 tem
419 3957 507 3999 suam
532 3960 623 4021 aegre
647 3938 796 4003 ferentem
823 3938 878 4003 sed
900 3939 1017 4002 elatum
1043 3940 1137 4002 etiam
1160 3939 1289 4003 victoria
1308 3959 1401 4023 quam
1423 3938 1462 4003 de

331 4046 495 4113 Chimaera
524 4059 748 4135 reportaverat.
781 4051 883 4116 Sehol.
916 4051 956 4116 11.
988 4050 1036 4115 VI
1068 4055 1148 4115 155:
1172 4052 1294 4129 λέγεται
1317 4054 1350 4118 δὲ
1364 4054 1462 4118 αὐτὸν

330 4163 492 4242 ἐπαρθέντα
523 4165 574 4245 ἐφ’
606 4160 646 4237 οἷς
660 4195 663 4198 >
677 4163 785 4247 ἔπραξε
816 4169 935 4239 θελῆσαι
958 4169 1039 4242 μετὰ
1062 4170 1113 4230 τοῦ
1135 4165 1281 4242 Πηγάσου
1303 4166 1352 4230 τὸν
1375 4168 1460 4246 οὖρα-

331 4277 375 4339 νὸν
398 4283 610 4353 κατοπτεῦσαι,
637 4287 668 4344 et
691 4282 728 4345 fr.
754 4285 817 4344 295

527 4395 601 4470 πιμιὶ
625 4395 764 4476 σ’έπαίρει
786 4399 843 4458 πῶν
866 4394 961 4467 πέλας
984 4395 1087 4476 μεῖζον
1109 4401 1233 4477 opaco,

330 4499 385 4565 ubi
408 4525 464 4589 pro
486 4506 560 4582 πιριοὶ
586 4506 696 4571 malim
720 4509 824 4593 legere
846 4509 917 4583 νίιοι.
