3592 5484
834 688 951 733 assas.
1366 672 1425 733 161

330 859 538 946 exposuimus.
566 857 736 942 Descripsit
759 857 791 920 iu
813 856 872 921 boc
892 854 1031 920 dramate
1052 855 1217 941 Euripides
1237 855 1451 939 insidiasquas

331 973 389 1039 Ino
419 972 536 1038 Phrixo
566 972 692 1050 struxit,
724 993 804 1055 quae
834 977 939 1035 tamen
965 992 1053 1034 secus
1077 976 1235 1034 cesserunt
1258 970 1302 1032 ita
1326 976 1362 1032 ut
1385 969 1450 1054 ipsa

332 1087 392 1154 Ino
422 1112 440 1153 a
471 1089 582 1153 marito
612 1086 750 1151 necanda
773 1085 889 1151 Phrixo
913 1086 1101 1150 traderetur.
1127 1085 1213 1165 Quid
1237 1085 1318 1149 iuter
1341 1082 1454 1168 Sopho·

332 1203 434 1268 eleum
459 1208 491 1266 et
514 1201 721 1288 Euripideum
744 1200 898 1265 Phrixum
922 1199 1101 1264 interfuerit
1123 1199 1287 1264 nescimus.
1308 1197 1357 1264 Of.
1377 1220 1451 1262 ann.

335 1315 374 1380 ud
398 1339 440 1380 vs.
467 1317 563 1380 1206.

334 1539 388 1608 Vs.
415 1532 519 1604 1232.
556 1538 659 1620 Πίιοψ
681 1537 695 1603 ὃ
718 1537 901 1612 Τοινποίλειος
925 1539 986 1603 κπέ.
1010 1537 1144 1603 Initium
1169 1537 1351 1624 Iphigeniae
1370 1538 1451 1603 Tau·

336 1679 426 1721 ricae.

285 1884 286 1887 ’
337 1882 392 1947 Vs.
418 1873 523 1945 1238.
560 1879 662 1952 Οἰνεύς
687 1880 754 1944 ποτ’
778 1882 811 1945 ἐν
835 1890 892 1959 γῆς
916 1879 1096 1961 πολύμετρον
1119 1879 1223 1959 λαβὼν
1245 1879 1363 1960 οτοίχνν

560 1994 629 2059 ldae
652 1995 807 2076 οίποιρχοίς.

383 2109 433 2175 Fr.
466 2113 539 2174 520.
574 2109 676 2174 Sclrol.
701 2108 762 2174 ἔστι
786 2107 841 2188 μὲν
864 2110 897 2174 ἐκ
919 2109 1095 2191 Μελοοίγρον
1118 2111 1198 2187 aare
1220 2110 1307 2175 ίκιονίι
1328 2119 1383 2185 τῆς
1407 2114 1458 2192 οίρ-
1569 2155 1571 2160 ·

337 2233 408 2305 χῆς·
433 2224 449 2298 η
472 2225 503 2288 δὲ
525 2224 606 2304 οἱρχη
631 2228 682 2288 τοῦ
708 2223 874 2304 trapam:
902 2225 1042 2288 Κολνδὼν
1066 2224 1121 2301 μὲν
1144 2223 1194 2297 ἥδε
1217 2233 1291 2303 γοιῖιι
1309 2225 1457 2298 neam

339 2337 449 2417 χίονίς.
481 2337 552 2423 Ipse
582 2336 749 2423 Euripides
779 2338 845 2402 sine
877 2336 974 2401 dubio
1006 2360 1134 2402 exorsus
1165 2347 1212 2402 est
1233 2338 1334 2403 verbis
1358 2341 1461 2413 Οἰνεὺς

339 2453 399 2518 κπὲ.
425 2452 467 2516 At
490 2475 606 2517 novum
630 2453 793 2517 exordium
816 2453 909 2516 finxit
932 2453 1034 2517 minor
1057 2453 1223 2539 Euripides
1246 2454 1294 2517 vel
1318 2455 1460 2538 quisquis

339 2566 435 2631 fuerit
458 2567 512 2650 qui
536 2566 698 2652 prologum
723 2566 939 2631 retractaverit
962 2574 994 2631 et
1017 2566 1209 2651 „aliquanto
1225 2575 1295 2653 post
1312 2567 1459 2633 demum''

341 2702 420 2764 quae
451 2679 543 2744 verba
574 2687 649 2744 suut
678 2679 828 2745 Eritschii
850 2680 924 2758 „ita
947 2680 1010 2744 fere
1033 2681 1187 2766 perrexit:
1213 2676 1308 2754 Οὖτίς
1332 2681 1396 2746 ποτ’
1427 2683 1460 2747 ἐκ

339 2803 425 2874 »γῆς
451 2796 515 2859 κπὲ.
539 2794 645 2860 Minus
669 2795 751 2859 enim
774 2795 906 2880 periculi
930 2795 963 2859 in
987 2795 1089 2859 medio
1112 2795 1250 2881 prologo,
1276 2818 1369 2881 quam
1394 2796 1460 2882 ipso

342 2910 437 2987 „eius
466 2909 558 2973 initio
585 2932 604 2972 a
632 2909 791 2975 minutula
814 2909 874 2974 olei
898 2909 1038 2996 ampulla
1059 2910 1289 2996 impendebat.'’
1313 2908 1359 2976 cf.
1384 2934 1455 2977 ann.

341 3022 381 3086 ad
404 3045 447 3087 vs.
474 3025 569 3086 1206.

344 3250 397 3315 Vs.
424 3242 528 3312 1244.
565 3249 646 3322 Ζεὺς,
671 3250 708 3322 ὥς
732 3248 871 3314 λέλεκται
894 3257 948 3324 τῆς
972 3249 1111 3323 ἀληθείας
1135 3247 1198 3315 ὕπο.

389 3362 492 3428 Schol.
515 3363 716 3436 Μελανίππης
738 3370 792 3437 τῆς
815 3368 911 3444 σοφῆς
935 3364 951 3435 ἡ
975 3364 1066 3444 οίρχη.
1093 3362 1125 3427 Si
1148 3362 1354 3429 Plutarchum
1377 3364 1464 3429 audi·

343 3501 414 3544 mus
444 3479 502 3542 hoc
530 3477 664 3542 alterum
696 3486 742 3541 est
773 3477 870 3543 huius
902 3476 1079 3561 tragoediae
1107 3478 1244 3541 initium.
1270 3479 1373 3542 Amat.
1394 3477 1461 3542 XII

344 3597 365 3656 4
394 3592 528 3677 legimus
558 3614 596 3655 ex
625 3591 840 3656 emendatione
871 3591 1002 3677 Sauppii
1034 3598 1068 3655 et
1094 3591 1256 3656 Fritsolrii:
1279 3591 1408 3664 Ἀκούεις
1433 3593 1464 3657 δὲ

343 3706 506 3780 delassata
528 3705 689 3786 Εὐριπίδην
712 3706 749 3776 ὡς
771 3704 926 3785 ἐθορυβήθη
950 3704 1145 3781 ποιησάμενος
1168 3705 1266 3785 οίρχην
1285 3713 1337 3778 τῆς
1358 3714 1465 3770 llam·

343 3821 452 3894 νίππης
475 3820 592 3893 ἐκείνης,
617 3869 636 3897 ,,
647 3819 718 3892 Ζεὺς
740 3817 819 3892 ὅστις
836 3820 850 3884 o‘
871 3819 953 3891 Ζεὺς,
973 3820 1005 3882 οὐ
1026 3819 1083 3897 γοὶρ
1096 3814 1161 3883 olla
1175 3819 1252 3891 πλην
1265 3819 1372 3898 λίγ’ρ·”
1386 3820 1465 3896 aare

343 3934 375 4000 δὲ
405 3934 507 4012 λαβὼν
531 3936 615 4015 χορὸν
637 3935 728 3999 ἄνοον
741 3983 840 3998 .....
866 3930 982 4007 ἤλλαξε
1005 3934 1053 3998 τὸν
1077 3934 1180 4013 στίχον
1203 3936 1240 4006 ὡς
1263 3940 1311 3997 νῦν
1331 3934 1466 4014 γέγροοπ-

344 4073 393 4113 aar
416 4098 436 4127 ,,
447 4048 518 4121 Ζεὺς
549 4050 587 4121 ὥς
608 4048 745 4112 λέλεκτοι
768 4055 821 4122 της
843 4047 983 4122 attalaia,-
1007 4045 1091 4112 ἱίπο.”
1116 4045 1175 4110 Sed
1199 4045 1337 4111 dubitari
1359 4056 1463 4133 potest

344 4183 422 4227 num
445 4183 554 4225 verum
577 4162 699 4226 viderit.
724 4160 810 4242 Quid
834 4162 917 4225 enim
940 4159 1039 4226 dicit?
1062 4161 1245 4246 Euripidem
1268 4159 1467 4247 Melanippae

327 4273 547 4360 ¹philosophae
569 4275 697 4338 initium
722 4275 849 4339 erasisse
872 4282 904 4338 et
927 4273 1015 4338 aliud
1039 4273 1247 4338 substituisse.
1273 4273 1333 4339 Sed
1358 4275 1460 4339 obstat

345 4387 433 4453 loeus
462 4385 594 4452 Luciani
624 4386 692 4452 Jov.
723 4396 805 4473 trag.
837 4391 878 4452 41
907 4410 957 4474 ap.
981 4387 1023 4451 N.
1048 4394 1080 4451 et
1103 4385 1153 4464 Ι).,
1178 4387 1215 4451 fr.
1240 4389 1314 4468 433,
1340 4410 1376 4452 es
1399 4410 1462 4473 quo

346 4507 474 4587 apparet
490 4500 579 4566 illius
596 4499 789 4587 temporibus
807 4500 888 4566 illud
902 4523 965 4566 non
976 4501 1116 4566 deletum
1129 4499 1182 4565 sed
1195 4500 1339 4566 omnibus
1353 4510 1463 4567 notum

1316 4616 1326 4654 l
1333 4617 1342 4654 1
