3592 5484
355 610 399 671 32
822 624 966 685 aqmrrs.
1020 583 1023 587 ⁴

378 793 445 857 Iam
481 790 676 857 Valckenaer
708 800 740 855 et
771 791 899 876 Bergler
928 792 962 856 in
993 791 1041 856 ed.
1074 795 1133 855 Ar.
1166 791 1243 855 haec
1264 812 1337 855 cum
1361 791 1459 856 Arist.
1527 810 1537 825 ·

333 901 414 972 loco'
432 906 527 972 allato
557 912 825 992 comparaverunt.
850 905 962 990 Neque
985 913 1111 970 temere.
1136 905 1257 970 Revera
1279 904 1359 969 mihi
1382 905 1465 970 vide·

333 1029 388 1086 tur
409 1029 502 1107 poeta
524 1019 706 1106 imprudens
725 1021 864 1100 fortasse,
888 1020 974 1104 quod
996 1019 1031 1084 in
1054 1019 1114 1083 tali
1135 1043 1169 1085 rc
1188 1019 1313 1106 saepius
1332 1017 1464 1102 obtinet,

333 1134 518 1221 Euripidem
549 1134 709 1199 imitatum
741 1158 816 1215 esse,
839 1156 942 1218 neque
965 1134 1112 1220 ineptum
1135 1143 1184 1199 cat
1206 1134 1263 1199 hic
1287 1134 1356 1199 eiua
1378 1135 1465 1201 testi·

335 1250 432 1314 monii
455 1249 621 1329 recordari,
646 1249 682 1312 fr.
708 1251 791 1314 397:

485 1393 606 1469 χρῶμαι
629 1388 686 1468 γὰρ
709 1389 800 1452 αὐτοῦ
822 1392 873 1452 τοῦ
895 1388 1047 1466 στόματος
1070 1389 1111 1468 τῷ
1134 1385 1308 1468 στρογγύλῳ
1346 1368 1350 1375 ’

335 1612 390 1677 Vs.
414 1606 497 1676 404.
653 1599 841 1693 δωροδόιιοισιν
865 1613 911 1677 ἐπ’
934 1611 1055 1678 ἄνθεσιν
1076 1637 1084 1676 ι
1107 1636 1154 1676 ων.

380 1751 559 1817 Admodum
590 1750 716 1816 difficile
739 1760 786 1815 est
809 1751 982 1817 diiudicare
1005 1775 1046 1816 an
1069 1752 1243 1816 carminum
1268 1742 1463 1816 choricorum

334 1888 442 1931 versus
473 1889 489 1929 e
518 1864 678 1949 tragoedia
706 1866 842 1930 desumti
872 1867 948 1930 sint.
980 1863 1043 1930 Hic
1072 1874 1179 1930 tamen
1208 1866 1242 1930 in
1265 1872 1392 1952 promtu
1416 1872 1463 1930 est

244 2003 252 2013 ·
334 1979 486 2066 suspicari
517 2001 640 2044 versum
669 1980 767 2044 latere
790 1980 900 2065 tragici
923 1980 1058 2045 alicuius
1081 1980 1131 2046 vel
1154 1980 1246 2066 lyrici
1268 1988 1377 2067 poetae
1402 1981 1459 2065 qui

334 2092 515 2179 scripserat:

657 2203 678 2270 ὦ
701 2207 830 2287 ῥοδέοισιν
853 2208 900 2271 ἐπ’
924 2206 1036 2272 ἄνθεσιν
1057 2204 1135 2288 ἵζων,

333 2370 406 2412 nam
439 2347 486 2410 ita
516 2344 643 2409 demum
667 2343 784 2410 habent
806 2367 893 2410 suam
917 2346 1061 2411 facetiam
1085 2368 1193 2411 versus
1215 2346 1334 2410 comici.
1361 2346 1462 2412 Ῥοῒειι

333 2459 429 2526 ἄνθεσι
451 2460 528 2525 Eur.
552 2459 637 2523 Med.
663 2462 726 2524 842
746 2468 778 2524 et
796 2461 975 2557 ῥοδέοισινὲν
995 2460 1092 2525 ἄνθεσι
1103 2459 1230 2546 Ibycus,
1250 2460 1287 2525 fr.
1301 2464 1332 2524 4.
1344 2459 1459 2546 Bergk.

333 2596 363 2660 p.
390 2578 464 2639 999.

255 2873 259 2879 ,
320 2803 387 2870 ·Vs.
411 2796 494 2867 407.
726 2800 847 2882 γέροντο
870 2784 1059 2880 πνρροπίπνρν.

378 2916 593 3002 Conipositum
617 2914 656 2978 ad
679 2914 856 3000 exemplum
878 2912 1038 2978 Homerici
1061 2913 1336 2994 ,,ποιρθενοπι’πιις”.

332 3145 387 3210 Vs.
411 3137 494 3208 498.
596 3142 667 3206 ἀλλ’
692 3141 726 3207 ta
745 3140 857 3221 χοίρων
879 3139 930 3204 zai
954 3135 1094 3221 προὶξειιις

599 3256 680 3321 aar&
702 3261 766 3321 νοῦν
789 3255 838 3319 τὸν
860 3255 940 3332 ἐμὸν,
964 3252 1017 3317 κοί
1036 3276 1071 3316 σε
1093 3250 1244 3333 Φυλάπποι

603 3368 683 3443 Ζεύς.

378 3512 428 3577 Ad
452 3511 512 3575 tria
535 3508 637 3595 priora
659 3504 751 3570 verba
775 3504 897 3570 Schol.:
920 3504 1003 3586 πσρὰ
1024 3505 1057 3569 πὸ
1080 3503 1260 3583 Σοφόκλειον
1283 3499 1318 3577 ἐξ
1340 3501 1456 3567 ‘bada

332 3626 442 3711 (Alc),
477 3625 492 3690 ε’
544 3621 684 3692 Ἰοιιλέσνς
719 3617 841 3703 (Ven.);
875 3615 910 3692 ἐξ
947 3616 1089 3690 Οἰκλέους
1120 3616 1257 3680 correxit
1288 3613 1397 3692 Dind„
1422 3611 1456 3688 ἐξ

332 3738 496 3820 Ἰφικλέους
518 3734 658 3801 Brunck.
682 3732 732 3797 Fr.
757 3732 851 3818 Soph.
877 3733 940 3797 278
965 3729 1019 3809 N.,
1043 3732 1127 3794 4159
1151 3727 1191 3792 D.
1217 3726 1350 3806 „Verba
1372 3751 1459 3814 repe

292 3882 299 3893 ·
331 3854 375 3918 tit
404 3852 502 3917 Arist.
533 3848 621 3913 Nub.
646 3850 709 3912 510
732 3855 765 3911 et
788 3844 860 3909 Pac.
885 3848 959 3926 729,
983 3845 1147 3909 manifesto
1171 3843 1258 3907 hunc
1280 3842 1386 3907 locum
1412 3865 1458 3907 re

332 3968 426 4054 spicit
448 3966 507 4050 Eq.
532 3967 615 4029 5489
1390 3984 1394 3991 ·

666 4075 699 4140 ἵν’
723 4077 737 4141 ὁ
759 4074 880 4148 ποιητὴς
903 4072 975 4153 ιἰπίρ
999 4071 1119 4156 χοίρων,
1143 4067 1146 4072 ’

667 4190 747 4255 aar&
770 4195 834 4254 νοῦν
857 4184 983 4270 πράξας,

666 4304 787 4385 φαιδρὸς
809 4301 959 4380 λάμποντι
982 4295 1143 4380 μετώπῳ.”

376 4445 501 4525 Nauck,
525 4445 579 4529 qui
604 4444 744 4526 προσώπῳ
766 4465 837 4508 cum
861 4441 929 4507 cod.
952 4438 1031 4504 Van.
