3592 5484
757 681 882 726 enasci
905 681 938 726 m
961 681 1092 728 aromo.
1401 667 1465 730 213

246 919 247 922 ,
367 851 516 937 Largum,
540 851 579 916 cf.
604 874 633 915 v.
660 849 817 929 staveren,
842 849 943 935 Myth.
965 848 1037 914 Lat.
1061 873 1091 937 p.
1113 853 1186 928 123,
1206 852 1262 935 qui
1281 849 1389 937 Comp.
1403 851 1488 916 Med.

365 957 446 1018 206:
479 953 562 1032 „Ad
591 953 739 1017 luxatum
772 975 862 1017 omne
886 958 918 1015 et
940 953 1071 1016 eiectum
1097 959 1129 1015 et
1151 953 1322 1038 repositum
1345 954 1490 1017 articula·
1533 1023 1535 1027 ,

362 1107 383 1135 „
391 1064 535 1121 mentum
568 1054 754 1118 benefacit.’'
778 1055 823 1118 At
845 1054 900 1138 qui
923 1051 1073 1118 Scribonii
1094 1052 1188 1138 Largi
1210 1055 1336 1118 nomine
1359 1055 1490 1118 circum·

362 1158 462 1221 fertur
485 1155 565 1220 liber
589 1154 645 1219 diu
668 1162 739 1241 post
762 1177 835 1219 eum
859 1156 993 1241 scriptus
1015 1161 1047 1218 et
1065 1178 1082 1218 e
1102 1155 1229 1218 Graecis
1247 1164 1412 1241 excerptus
1423 1179 1488 1220 esse

363 1258 497 1322 ridetur.

407 1357 591 1423 Nonnullos
631 1358 694 1422 iam
728 1364 821 1421 antea
855 1357 1071 1421 indicaverunt
1104 1357 1161 1422 viri
1196 1359 1279 1422 docti
1314 1358 1398 1423 locos
1432 1358 1489 1442 qui

365 1458 500 1524 Graecae
532 1482 606 1546 prae
637 1483 669 1523 sc
697 1460 805 1523 ierunt
827 1458 1075 1542 originis‘sigua,
1099 1458 1137 1522 ci.
1162 1457 1306 1537 Bursian,
1330 1458 1440 1524 Jahrb.
1465 1460 1486 1523 f.

364 1559 411 1624 cl.
446 1561 524 1646 phil.
562 1562 646 1624 1866
677 1583 707 1644 p.
735 1563 808 1625 784.
840 1558 1031 1624 Notissimus
1055 1569 1102 1624 cst
1124 1561 1179 1644 qui
1201 1559 1319 1645 legitur
1338 1559 1399 1624 fab.
1424 1563 1487 1624 186

363 1711 383 1740 „
394 1660 597 1748 Melanippen
633 1660 814 1725 Desmontis
850 1660 964 1724 filiam”
1002 1659 1057 1725 ubi
1087 1670 1176 1746 pater
1207 1661 1260 1725 ille
1291 1660 1487 1740 Desmontes,

364 1767 402 1825 ut
423 1761 504 1826 vidit
528 1762 667 1847 Wagner
692 1763 724 1826 in
748 1761 799 1826 Fr.
822 1760 885 1842 Tu,
909 1784 926 1825 e
949 1760 1066 1826 Graeco
1089 1762 1233 1839 δεσμῶτος
1255 1769 1349 1826 natus
1373 1774 1430 1827 eat.

347 1881 352 1892 ‘
408 1861 473 1942 Qui
505 1913 525 1942 „
536 1865 706 1928 Desmontis
728 1862 850 1948 filiam''
874 1871 906 1927 et
929 1867 1036 1948 „quod
1054 1889 1118 1928 mum
1145 1867 1316 1928 Desmontes
1335 1863 1488 1929 rescisset'

366 1965 491 2050 scripsit
513 1966 643 2028 fortasse
666 1987 728 2028 nou
753 1965 818 2048 ipse
842 1963 960 2028 Graeco
984 1963 1065 2029 libro
1088 1987 1163 2029 usus
1186 1972 1233 2029 est
1255 1965 1308 2030 scd
1332 1965 1446 2030 Latino
1470 1990 1487 2031 u

365 2064 483 2130 Graeco
503 2066 665 2145 translato,
684 2067 714 2128 in
736 2087 799 2149 quo
818 2087 930 2130 nornen
950 2064 1025 2129 Mel.
1039 2065 1201 2130 <Desmotis
1220 2076 1377 2131 servatum
1396 2074 1486 2131 esset.
1552 2055 1556 2063 ¹

408 2166 519 2231 Liceat
542 2188 656 2252 paucos
679 2165 803 2231 addere.

408 2364 482 2429 Fab.
518 2368 569 2443 15,
600 2388 680 2450 quae
713 2365 899 2430 Lemniades
920 2366 1069 2452 inscripta
1091 2375 1148 2443 est,
1171 2365 1307 2450 legitur:
1330 2368 1485 2444 „Interim

363 2472 584 2548 „Arponautuc
609 2468 862 2549 praenartipanter
892 2468 996 2531 Lemno
1025 2468 1185 2550 (Lemnum.
1216 2467 1331 2549 Buute)
1362 2491 1486 2532 arcume-

364 2618 383 2646 „
392 2577 474 2633 runt.
498 2591 569 2652 quoe
591 2576 626 2632 ut
649 2570 725 2630 uirlit
747 2568 870 2649 Iphinoe
892 2576 988 2632 curtos
1002 2576 1105 2650 portae
1125 2570 1279 2632 nunciavit
1302 2569 1487 2652 lippuipplue

363 2670 519 2750 „rapinum
550 2670 600 2733 cui
630 2668 744 2752 Polpno
772 2676 872 2732 aetate
901 2670 1061 2733 constituta
1089 2670 1170 2733 derlit
1199 2669 1353 2733 consilium
1384 2678 1418 2733 ut
1441 2692 1487 2735 οοο

363 2770 507 2847 „luridus
528 2769 724 2850 hospitalibus
746 2771 886 2849 obliparet
907 2770 1086 2854 hospitioque
1109 2771 1259 2835 invitaret.
1284 2768 1360 2833 cet.”

408 2868 495 2934 Haec
520 2875 667 2954 corrupta
688 2868 808 2933 iudicat
828 2869 978 2933 Schmidt.
997 2868 1120 2935 Conicit
1137 2871 1261 2953 Iphinoe
1278 2877 1374 2934 custm
1384 2878 1488 2952 portae

363 2973 526 3036 constituta
548 2969 718 3053 legendum
743 2992 808 3033 essa
831 2977 863 3033 et
884 2970 967 3034 inter
988 2980 1087 3036 aetate
1108 2979 1140 3035 et
1162 2973 1243 3036 dedit
1262 2970 1417 3036 nonnulla
1437 2994 1487 3036 ex·

363 3072 482 3138 cidisse.
506 3069 568 3135 Oui
591 3093 653 3135 nou
676 3072 836 3136 assentior.
860 3119 881 3148 „
890 3077 994 3136 Aetate
1014 3073 1195 3136 constitutd'
1219 3072 1330 3136 vitiosa
1353 3079 1401 3136 est
1423 3095 1487 3137 ver·

364 3174 409 3238 sio
442 3170 607 3237 verborum
644 3169 835 3235 Graecorum
870 3171 984 3244 innixe
1016 3173 1229 3245 κοθοστηκυίοος
1262 3172 1377 3256 quibus
1399 3183 1485 3239 octar

363 3282 502 3340 constans
525 3273 733 3357 significatur.
757 3271 833 3336 Erat
854 3295 956 3337 revera
983 3271 1109 3357 Polyxo,
1133 3295 1214 3357 quae
1237 3274 1375 3338 multum
1399 3274 1484 3360 apud

364 3374 501 3459 reginam
533 3375 722 3438 auctoritate
752 3372 883 3450 valebat,
914 3380 1015 3437 aetate
1045 3376 1228 3458 provectior,
1260 3375 1343 3459 quod
1374 3376 1484 3441 sedulo

365 3481 555 3539 monuerunt
579 3474 695 3557 quide
719 3474 912 3556 Argonautis
933 3475 1132 3561 scripserunt.

408 3670 484 3737 Fab.
518 3675 559 3736 56
588 3674 657 3751 „In
687 3678 816 3754 Aepppto
846 3677 929 3754 apud
954 3675 1122 3738 Busiridem
1144 3676 1280 3758 Neptuni
1295 3677 1398 3760 filium
1420 3701 1485 3741 cum

364 3781 466 3852 „esset
492 3774 662 3838 sterilitus'’
693 3773 787 3837 nihili
811 3780 866 3837 est.
892 3772 1008 3838 Graece
1029 3775 1179 3860 scriptum
1199 3784 1267 3840 erat
1287 3776 1337 3840 ἐπὶ
1360 3777 1484 3857 Βουσίρι-

364 3875 421 3947 δος,
445 3882 572 3956 tempore
592 3875 758 3940 Busiridis.

409 4070 484 4135 Fab.
511 4073 551 4135 57
575 4093 639 4136 non
663 4071 795 4136 fortuito
817 4095 890 4136 casu
912 4073 1056 4138 accidisse
1078 4074 1204 4138 videtur
1230 4082 1264 4137 ut
1287 4072 1380 4138 verba
1403 4075 1486 4159 „qui

363 4195 456 4250 „cum
480 4175 664 4237 concumbere
685 4197 749 4237 cum
772 4197 807 4237 ea
831 4175 980 4252 noluisset,
1005 4175 1061 4238 illa
1083 4176 1147 4239 uiro
1167 4198 1220 4238 suo
1242 4177 1365 4239 mentitu
1388 4184 1432 4239 est
1454 4198 1486 4240 sc

364 4275 429 4351 „ab
451 4297 482 4336 eo
504 4273 725 4356 compellatum
750 4296 846 4359 prope
868 4275 984 4339 distent
1006 4298 1023 4337 a
1046 4275 1149 4340 Schol.
1175 4274 1254 4340 Rau.
1282 4276 1366 4338 1043
1390 4270 1484 4352 οὖμὴ

363 4373 558 4447 ὑπακούοντος
590 4375 801 4454 κατεψεύσατο
830 4377 897 4452 πρὸς
926 4377 973 4441 τὸν
1003 4376 1073 4441 ἴδιον
1096 4375 1186 4457 ἄνδρα
1209 4384 1329 4456 Προῖτον
1353 4378 1390 4448 ὡς
1413 4376 1485 4454 βοοο-

363 4473 482 4554 tontis.
506 4475 534 4540 E
557 4477 726 4554 communi,
750 4478 869 4563 opinor,
892 4477 1051 4542 fluxerunt
1073 4479 1169 4542 fonte.
