3592 5484
833 702 949 748 RAA'AE.

376 869 424 933 lb.
452 871 515 932 169.
539 890 616 953 sqq„
644 871 705 934 173
730 891 796 952 sqq.
819 864 841 933 cl
865 869 932 943 Ζίρυ,
957 872 1030 942 Ἰοῦς
1054 871 1084 935 ta
1108 873 1169 935 κτὲ.

378 982 426 1048 11).
454 986 516 1047 890
542 1004 619 1067 sqq„
645 985 707 1046 899
731 1005 796 1066 sqq.
821 989 867 1059 μοῖ
891 990 935 1047 sd
960 989 1006 1060 μοῖ
1031 987 1075 1047 Γοῖ
1097 985 1158 1049 κτέ.

374 1098 467 1162 Eum.
494 1100 557 1161 326
581 1119 659 1181 sqq.,
684 1099 746 1161 341
771 1119 836 1182 sqq.
861 1098 908 1163 ἑτί
932 1098 964 1163 δὲ
987 1099 1028 1178 τῷ
1052 1098 1197 1181 τεθυμένῳ
1223 1101 1283 1164 κτὲ.

376 1212 460 1298 Sept.
486 1213 549 1275 915
573 1234 650 1297 sqq.‚
677 1216 739 1276 986
765 1235 830 1297 sqq.
856 1215 901 1277 Ἰὼ
927 1221 1025 1293 Μοῖρα
1048 1213 1238 1296 βαρυδότειρα
1260 1216 1321 1279 κτὲ.

376 1327 615 1413 Aristophanem
641 1327 877 1414 ephymniorum
898 1349 991 1391 usum
1012 1325 1202 1412 improbasse
1219 1329 1347 1393 minime
1366 1353 1452 1395 erss.

333 1444 418 1505 1264
448 1463 514 1525 sqq.
546 1442 698 1525 sequitur,
728 1441 766 1505 cl.
791 1440 871 1505 Itan.
897 1442 972 1520 398,
998 1443 1073 1518 402,
1098 1443 1174 1519 408,
1198 1444 1273 1506 413.
1298 1442 1358 1508 Sed
1381 1466 1452 1508 eum

316 1569 394 1619 ‘non
425 1556 547 1640 fugerat
570 1577 685 1619 nexum
708 1555 856 1619 orationis
880 1554 911 1618 in
937 1554 1086 1639 Aeschyli
1110 1555 1300 1621 carminibus
1324 1558 1454 1622 choricis

330 1690 421 1753 saepe
453 1668 579 1731 minime
608 1667 750 1732 lucidum
782 1691 857 1745 esse,
889 1673 921 1731 et
950 1676 1075 1753 poetam
1108 1669 1186 1732 mira
1209 1669 1367 1734 interdurn
1392 1670 1455 1735 dic·

329 1782 415 1845 tione
439 1780 488 1845 uti
511 1784 549 1866 (v.
574 1803 600 1844 0.
624 1784 658 1845 10
683 1781 737 1845 1110
759 1781 884 1862 καρβοῖν
910 1782 1006 1845 αὐδὰν
1029 1775 1069 1854 εὖ,
1094 1787 1148 1859 yet,
1169 1784 1308 1870 κοννεῖς.)
1336 1792 1368 1848 ct
1392 1807 1453 1848 cre-

332 1893 501 1959 berrimum
525 1918 590 1960 0000
614 1896 646 1958 10
669 1895 832 1981 particulis
854 1895 891 1967 il,
916 1896 946 1959 ίὼ
971 1895 1170 1981 usurpandis.

338 2121 388 2188 Vs.
414 2115 519 2186 1266.
556 2123 670 2203 Ἑρμᾶν
693 2125 747 2199 μὲν
770 2122 904 2203 πρόγονον
927 2122 1027 2199 τίομεν
1050 2120 1134 2200 γένος
1157 2122 1182 2186 ol
1204 2122 1265 2202 περὶ
1289 2123 1404 2200 λίμναν.

378 2237 483 2302 Schol.
506 2238 539 2301 ἐκ
560 2241 616 2300 τῶν
640 2236 794 2316 Αίσχείλου
818 2240 1029 2316 Ψυχαγωγῶν.
1057 2234 1163 2299 Schol.
1184 2233 1273 2300 Cant.
1293 2235 1397 2301 addit:
1418 2239 1450 2302 τδ

333 2352 364 2416 δὲ
388 2352 502 2432 Ἑρμίου
526 2351 580 2429 μὲν
604 2350 702 2446 τίομεν
726 2349 858 2432 λέγουσιν
882 2347 905 2414 οί
929 2349 1074 2429 Ἀρκάδες
1086 2397 1180 2413 .....
1202 2350 1312 2427 λίμναν
1331 2349 1453 2429 δὲλὲγει

333 2466 385 2539 τὴν
409 2464 631 2545 Στυμφαλίδα,
654 2465 683 2527 ἐν
706 2464 850 2546 Ἀρκαδίᾳ
873 2464 931 2544 γὰρ
954 2463 1005 2527 καὶ
1027 2461 1114 2537 αὕτη.
1140 2462 1191 2528 Fr.
1217 2465 1278 2527 271
1304 2464 1344 2528 D.

378 2577 504 2642 Errcssc
535 2576 621 2641 hunc
650 2576 845 2641 scholiastam
878 2576 1017 2641 ostendit
1048 2575 1159 2640 Valck.
1192 2575 1294 2643 Diatr.
1317 2600 1347 2663 p.
1374 2581 1455 2642 286:

333 2689 517 2776 „Aeschylo
547 2697 767 2775 argumentum
792 2694 993 2770 Ψυχκμωμῶν
1017 2688 1148 2754 Homeri
1172 2689 1317 2775 praebuit
1340 2691 1453 2757 Νέκυια

333 2813 459 2889 „atque
490 2804 550 2868 ista
580 2803 713 2868 Tiresiae
740 2802 833 2866 verba
857 2803 904 2888 (fr.
931 2806 994 2867 269
1019 2802 1074 2881 Ν.,
1100 2806 1162 2869 270
1188 2803 1240 2888 D.)
1264 2805 1394 2870 luerunt
1416 2807 1454 2871 ed

335 2917 515 3003 „Ulyssem
546 2907 601 3001 qui
631 2926 772 2981 mortuus
795 2924 842 2980 est
865 2913 1085 2991 οὶκανίοτλοίξ.”
1110 2915 1190 2980 Cum
1214 2925 1320 2982 autem
1344 2920 1377 2984 in
1400 2923 1456 2984 Ar·

334 3031 421 3096 cadia
462 3030 502 3095 ad
535 3030 762 3116 Stymphalium
798 3029 900 3094 lacum
936 3030 1062 3095 nullum
1095 3030 1191 3095 fuerit
1226 3042 1454 3110 νεκυομαντεῖον,

334 3145 501 3211 verisimile
524 3146 559 3209 fit
581 3143 672 3209 verba
697 3145 810 3224 Ἐρμοῖν
833 3145 894 3210 κτὲ.
919 3167 983 3209 000
1008 3143 1047 3208 01)
1072 3145 1229 3210 Arcadum
1254 3146 1308 3210 aed
1331 3169 1349 3210 a
1372 3145 1456 3212 Cim·

333 3261 502 3326 meriorum
526 3260 617 3324 choro
639 3260 760 3346 prolata
782 3282 856 3324 esse.

334 3485 389 3552 Vs.
416 3478 520 3549 1270.
556 3485 667 3549 κύδιστ’
687 3486 822 3564 Ἀχαιῶν
838 3484 965 3565 Ἀτρέως
977 3486 1164 3565 πολυκοίρανε
1176 3485 1305 3562 μοίνίανὲ
1317 3511 1374 3563 μου
1387 3496 1453 3552 παῖ.
1575 3488 1586 3498 ’“

379 3598 482 3664 Schol.
506 3598 543 3663 R.
567 3600 600 3663 ἐκ
623 3599 765 3679 Τηλέφου
785 3599 948 3679 Αἰσχύλου.
972 3598 1075 3662 Schol.
1097 3597 1175 3662 Vcn.
1196 3599 1391 3680 Ἀρίσταρχος
1403 3601 1455 3665 καὶ

333 3713 530 3786 Ἀπολλώνιος
553 3711 752 3792 ἐπισκέψασθε
781 3712 865 3776 τόίεν
896 3712 957 3775 είσί.
992 3712 1179 3791 Τιμαχίδας
1203 3712 1234 3775 δὲ
1257 3713 1289 3776 ἐκ
1314 3714 1456 3795 Τηλέφου

334 3825 499 3906 Αίτχύλου.
531 3825 757 3898 Ἀτκλκτιοίδκς
781 3825 812 3888 δὲ
835 3822 868 3899 ἐξ
891 3824 1080 3904 Ἰφιγενείας.
1107 3824 1158 3888 Fr.
1184 3826 1248 3887 234
1273 3825 1324 3903 N.,
1351 3829 1392 3889 92
1416 3826 1454 3889 D.

333 3939 437 4004 Litem
469 3939 613 4003 dirimere
637 3960 700 4003 non
723 3959 896 4023 possumus.
922 3938 1106 4024 Suspicatus
1131 3946 1178 4003 est
1202 3937 1342 4004 Fritschc
1365 3940 1457 4004 verba

334 4052 527 4139 Asclepiadis
553 4052 591 4116 ad
614 4077 658 4117 vs.
688 4055 771 4117 1273
795 4051 955 4117 referenda
979 4077 1055 4133 esse,
1080 4053 1154 4137 quia
1176 4054 1210 4117 in
1234 4054 1344 4118 scholii
1367 4055 1457 4119 initio

334 4167 373 4232 de
396 4174 531 4250 utroque
553 4167 620 4231 loco
648 4166 750 4252 (τίθεν
772 4166 847 4259 είσῇ
872 4165 987 4250 agitur,
1008 4188 1089 4249 quse
1108 4174 1213 4230 tamen
1234 4166 1326 4231 nimis
1338 4167 1456 4231 incerta

334 4287 382 4346 ost
410 4280 599 4345 coniectura.
630 4281 681 4343 An
710 4280 744 4345 in
772 4278 910 4365 Telepho
932 4278 1081 4365 Aeschyli
1102 4280 1329 4364 Agamemnoni
1353 4290 1455 4366 partes

331 4394 452 4459 fuerint
479 4416 542 4459 non
565 4393 667 4478 liquet
689 4416 759 4458 cum
782 4400 1007 4479 argumentum
1030 4393 1178 4457 10000110
1199 4415 1263 4457 000
1287 4415 1448 4479 cognosca-

334 4531 415 4573 mus.
445 4508 519 4574 Non
547 4508 607 4573 nisi
638 4515 908 4589 permemoratur,
931 4506 1154 4573 aTimachide
1183 4506 1273 4584 h.1.‚
1297 4507 1335 4572 01)
1359 4511 1457 4595 Hesy·
1548 4523 1557 4537 ‘
