3592 5484
698 1632 1109 1723 EPIME'I'RUM
1134 1636 1170 1718 Ι.

532 2244 536 2249 ¹
591 2139 795 2226 Arnumcnta
817 2136 1069 2224 trauoediarunr
1095 2136 1126 2207 in
1153 2137 1289 2224 Hyuino.

840 2251 913 2336 (vid.
938 2273 969 2335 p.
996 2253 1036 2333 8).

425 2474 620 2539 Novissimus
655 2474 832 2538 fabularum
868 2472 986 2558 Hygini
1023 2473 1134 2549 editor,
1169 2473 1215 2536 M.
1247 2471 1397 2553 Schmidt,
1431 2475 1506 2538 haec

379 2576 486 2640 scribit
518 2599 548 2661 p.
581 2574 657 2639 XL:
687 2575 858 2653 „extitisse
885 2596 960 2638 aevo
985 2573 1129 2637 Dositbei
1152 2573 1346 2658 temporibus
1368 2597 1432 2638 non
1455 2576 1507 2639 ad-

379 2675 536 2754 „modum
565 2677 742 2759 antiquiore
765 2676 867 2739 virum
892 2674 1019 2739 doctum
1043 2675 1191 2758 aliquem,
1217 2674 1271 2758 qui
1295 2673 1414 2759 Hygini
1438 2698 1507 2740 nar-

380 2825 400 2854 ‚,
409 2778 561 2841 rationem
593 2776 832 2861 locupletiorem
856 2797 987 2858 eamque
1011 2776 1222 2839 continentem
1250 2784 1281 2839 ct
1305 2776 1506 2840 indiscretam

380 2900 471 2954 „non
498 2877 597 2942 solum
623 2878 654 2941 in
679 2875 804 2940 brevius
827 2883 960 2960 cogeret,
986 2875 1039 2938 scd
1063 2876 1159 2939 etiarn
1182 2898 1237 2961 per
1261 2877 1399 2941 membra
1423 2900 1508 2964 sepa·

381 2987 509 3056 „ratam
533 2979 644 3042 misere
666 2977 853 3042 concideret.
877 2977 992 3060 quoin
1013 2977 1140 3060 negotio
1158 2999 1229 3040 curu
1251 2977 1361 3041 sedulo
1374 2987 1507 3056 caveret,

382 3102 453 3157 „ne
477 3079 672 3162 singulorum
697 3075 904 3141 membrorum
930 3098 1075 3140 mensura
1098 3085 1354 3160 argumentorum
1379 3079 1510 3163 tragico·

382 3202 482 3258 „rum
498 3180 598 3253 ,finem
622 3179 814 3261 modumque
837 3177 996 3254 transiret,
1021 3185 1115 3260 atque
1132 3177 1210 3240 adeo
1231 3178 1370 3261 singulas
1390 3179 1512 3244 fabulas

383 3281 592 3359 „nominibus
627 3305 643 3344 e
674 3278 835 3364 tragoedia
864 3278 973 3362 petitis
1002 3277 1192 3350 inscriberet,
1222 3280 1317 3342 euenit
1345 3288 1380 3343 ut
1403 3282 1512 3345 erroris

384 3386 565 3462 „admodum
596 3381 718 3445 ridiculi
745 3403 854 3461 pareas
878 3382 980 3463 fieret.
1011 3382 1270 3460 compesceruct,
1296 3403 1388 3463 neque
1410 3383 1512 3445 etiam·

385 3507 494 3563 „num
518 3487 632 3561 desunt,
656 3484 707 3567 qui
730 3481 847 3565 quim'
870 3481 1002 3562 opusculi
1024 3487 1138 3560 portem
1159 3481 1243 3542 dcccl
1261 3482 1394 3562 cuiquam
1417 3505 1432 3544 e
1451 3490 1514 3547 tra·

385 3587 546 3668 „qia-arum
575 3585 750 3661 fabularum
780 3583 961 3662 ornamentis
994 3603 1055 3642 esec
1087 3582 1246 3663 caristolum
1277 3583 1402 3645 arioluti
1432 3591 1515 3661 arent,

386 3685 554 3771 „opinioni
589 3707 663 3748 suae
699 3684 802 3768 ipsum
833 3681 936 3744 favere
967 3681 1127 3765 Hyginum
1161 3681 1314 3760 arbitrati,
1347 3706 1373 3746 c.
1406 3682 1459 3746 Ill
1484 3691 1516 3747 et

388 3785 501 3865 „VIII
524 3786 563 3849 ad
587 3785 718 3849 Inonem
743 3783 975 3867 Antiopamque
995 3781 1180 3866 Euripideas
1200 3791 1431 3867 provocantem.
1454 3805 1516 3868 qua

388 3888 455 3967 „in
487 3909 519 3950 rc
550 3885 662 3950 accidit
693 3885 742 3963 iis,
768 3892 805 3947 ut
828 3890 923 3946 testes
949 3881 1132 3946 adhiberent
1156 3883 1195 3946 ad
1219 3882 1278 3947 hoc
1302 3884 1404 3967 ipsum
1432 3884 1516 3968 quod

389 3987 550 4074 „probare
573 3988 699 4063 vellent,
725 3983 930 4049 refellendum
952 3983 1295 4061 accommodatissimus,
1309 4007 1379 4047 cum
1394 4008 1456 4048 uon
1471 3985 1518 4048 in·

390 4089 624 4167 „tellexissent,
657 4095 828 4169 utrumque
860 4093 965 4170 caput,
998 4084 1046 4147 vel
1071 4091 1197 4169 propter
1221 4085 1285 4148 stili
1311 4085 1517 4150 differentiam

392 4190 548 4274 „Hygino
576 4187 749 4252 abiudicari
781 4185 1061 4270 interpolatorique
1092 4185 1224 4249 attribui
1249 4185 1371 4264 debere,
1397 4196 1430 4250 nt
1453 4210 1516 4252 non

390 4298 509 4369 „vacat
533 4290 591 4354 hoc
614 4289 741 4374 longius
764 4287 941 4372 prosequi.”
976 4284 1008 4348 Si
1031 4292 1136 4348 autem
1160 4308 1231 4349 curu
1255 4286 1338 4351 hisce
1362 4290 1517 4374 componi-

391 4415 460 4457 mus
491 4414 571 4476 quae
598 4392 632 4455 iu
660 4389 796 4454 editione
828 4411 885 4452 sua
907 4385 1078 4466 annotarit,
1103 4393 1231 4472 apparet
1253 4387 1428 4453 Schmidtio
1452 4411 1521 4476 per·
