3592 5484
855 698 929 742 unx.
1388 677 1428 740 73

329 872 384 940 Vs.
411 868 480 939 140
504 866 575 961 οσον.
594 876 625 940 τί
645 876 671 940 δ’
695 875 729 951 ήν
747 879 782 950 ’ἐς
805 877 889 959 ὑγρὸν
912 877 1025 942 πάντων
1048 876 1123 957 τέσή
1148 875 1256 953 heom

322 1009 325 1013 ’
375 988 477 1055 Schol.
500 991 567 1063 τοὺς
590 991 742 1069 τραγικοὺς
766 989 863 1073 aerlei
887 992 936 1056 boob
955 991 996 1056 rab
1015 990 1079 1072 περὶ
1097 995 1149 1055 τοῦ
1167 989 1450 1072 Ἰκοὶρουλεγδμενοο.

330 1101 347 1178 ή
378 1103 443 1169 ἐπεὶ
476 1105 554 1170 δοκεῖ
580 1105 594 1169 ὁ
624 1106 856 1188 Βελλεροφόντης
880 1107 939 1171 xri.
966 1104 1013 1170 De
1036 1105 1124 1169 Icaro
1147 1104 1206 1169 hoo
1228 1104 1297 1168 loeo
1319 1127 1383 1169 non
1405 1111 1453 1168 est

330 1218 543 1304 cogitandum.
569 1217 682 1284 Utrum
703 1218 917 1285 Stheneboeae
933 1241 973 1284 an
993 1217 1232 1306 Bellerophonti
1251 1216 1454 1282 tribuendum

331 1330 460 1397 sitnon
483 1331 595 1416 liquet.
620 1332 732 1400 Nauck
755 1333 793 1398 ir.
818 1334 923 1420 adesp.
947 1336 1001 1398 41.

376 1442 446 1510 Vss.
479 1446 541 1510 147
571 1453 603 1510 et
629 1448 691 1511 148
714 1454 836 1532 poetam
861 1449 969 1513 drama
991 1446 1265 1534 Bellerophontem
1289 1446 1456 1534 respexisse

332 1581 424 1625 nemo
447 1559 629 1646 nonvidet.

332 1782 387 1849 Vs.
413 1777 494 1848 154.
568 1810 571 1817 ·
618 1786 689 1850 ἀλλ’
712 1786 779 1868 ἄγε,
805 1789 940 1865 Πήγασε,
963 1788 1052 1869 χώρει
1074 1787 1194 1868 χοίρων,

546 1977 551 1986 .
620 1901 843 1980 χρυσοχαλίνων
867 1900 1005 1980 τοὶτοονον
1028 1901 1145 1981 φωλΙων

621 2013 789 2087 δομκονήσοος
811 2016 946 2097 φαιδροῖς
971 2016 1046 2080 ὠσίν.

377 2126 481 2192 Schol.
512 2126 564 2191 κοοὶ
592 2127 664 2193 τάδε
686 2129 719 2192 ἐκ
741 2134 792 2194 τοῦ
815 2131 1046 2212 Βελλεροφόντου
1068 2129 1130 2204 „th
1155 2130 1349 2211 χρυσοχήλον’
1373 2127 1455 2210 οιῖρων

333 2239 504 2321 arripare?
527 2240 565 2304 ir.
590 2242 663 2305 303.
687 2239 733 2306 cf.
758 2240 853 2329 Vesp.
879 2245 953 2309 757.

335 2465 387 2531 Vs.
413 2458 495 2529 236.
621 2467 651 2531 lb
674 2466 781 2548 βροτοὶ,
804 2443 925 2549 βροτοὶ.
938 2467 1036 2549 βροτοὶ
1060 2471 1289 2547 πολυτλήμονες.

377 2580 476 2666 Epioe
499 2601 584 2645 more
607 2579 747 2664 loquitur
769 2579 923 2647 Polemos.

333 2806 386 2872 Vs.
412 2797 495 2869 350.
620 2803 672 2881 ξὺν
694 2794 763 2887 δέρει
786 2803 838 2882 ξὺν
859 2806 978 2872 mlta.
1003 2803 1050 2870 Of.
1075 2804 1168 2891 Vesp.
1192 2807 1287 2870 1081.

331 3032 387 3100 Vs.
412 3024 484 3095 380
508 3053 575 3116 sqq.
797 3031 852 3096 ὑπὸ
875 3036 926 3096 τοῦ
950 3032 1020 3104 Διὸς
1042 3030 1326 3109 ἀμαλδυνθήσομαι,

622 3146 645 3208 εἰ
668 3143 711 3222 μή
733 3146 874 3226 τετορήσω
897 3148 996 3208 rubra
1019 3144 1071 3209 κοο1
1095 3144 1276 3222 λοικήσομσο.

377 3258 416 3323 In
436 3258 635 3344 parodierum
655 3279 819 3322 numerum
831 3257 948 3343 recepit
959 3254 1051 3321 Ribb.
1065 3255 1143 3320 hob.
1158 3256 1242 3321 Anh.
1256 3279 1286 3343 p.
1301 3259 1375 3335 321,
1387 3264 1457 3342 post

332 3370 540 3452 Taenberum,
575 3377 686 3457 utpote
718 3378 780 3448 „et
814 3371 954 3434 numeris
985 3377 1018 3434 et
1046 3371 1185 3435 oratione
1214 3371 1362 3455 tregiea'',
1393 3393 1457 3435 non

332 3487 583 3554 animadvertens
606 3491 805 3570 anapaestum
830 3485 861 3548 in
886 3484 1023 3549 secunda
1045 3483 1127 3548 sede.
1153 3483 1214 3548 Sed
1236 3507 1309 3549 vera
1332 3481 1457 3570 parodia

333 3603 409 3667 huie
432 3602 502 3666 loeo
524 3622 586 3664 non
609 3599 699 3664 inest.
724 3599 911 3677 Mercurius,
937 3600 1055 3685 quippe
1078 3598 1175 3677 Deus,
1199 3597 1371 3682 grandibus
1390 3620 1458 3684 par·

332 3718 391 3781 tim
420 3738 458 3780 ex
487 3714 624 3779 Homero
653 3714 760 3798 petitis
789 3713 895 3777 utitur
918 3712 1021 3777 verbis
1044 3715 1127 3778 siout
1152 3736 1193 3777 vs.
1218 3713 1293 3778 370.
1317 3711 1457 3777 Verbum

332 3831 475 3912 τετορήσω
505 3829 565 3893 hoe
595 3828 771 3912 significatu
803 3849 905 3910 neque
936 3827 1021 3912 apud
1051 3825 1224 3891 Homerum
1247 3848 1349 3911 neque
1372 3826 1456 3913 apud

334 3943 471 4028 tragicos
493 3941 664 4006 invenitur.

378 4057 529 4122 Imitatur
553 4054 709 4141 Trygaeus
732 4055 881 4119 Mercurii
904 4077 1077 4119 sermonem
1100 4078 1144 4119 vs.
1173 4056 1236 4118 337
1262 4057 1305 4131 μή
1330 4079 1377 4118 νυν
1400 4069 1455 4117 λκ-

333 4174 436 4254 κήσής,
472 4170 617 4248 λήσσομοιί
642 4172 681 4244 τ’,
713 4171 778 4234 334
807 4170 972 4243 λοοκήσετοοο
996 4175 1029 4232 et
1055 4172 1119 4232 400
1146 4166 1262 4242 ἕλε’ήσον
1284 4169 1382 4231 οὐσῶν
1403 4165 1456 4239 τήν

332 4285 401 4350 ὅσοι.
427 4284 466 4348 of.
491 4283 569 4347 Ach.
593 4285 668 4347 410.
693 4282 839 4347 Cumas.
866 4285 949 4346 33οι

375 4397 403 4462 ε7
422 4420 451 4461 το
474 4395 686 4478 κεχαρισμένον
707 4397 844 4478 χοιρίδιον
868 4392 948 4461 oleos
971 4396 1042 4477 orxp’
1065 4396 1138 4473 ἐμοῦ
1163 4419 1201 4472 νε
1223 4393 1431 4467 κατεδηδοκώς.

336 4519 337 4522 ’
378 4508 426 4575 Ol
451 4508 545 4574 Hom.
569 4507 610 4574 Il.
633 4508 651 4574 I
674 4511 726 4575 39.
