3592 5484
338 650 341 653 ’
356 648 420 711 106
798 662 996 707 nrsrsraara

332 832 384 898 Er.
417 834 493 896 487.
524 831 717 911 „Videntur
738 839 875 916 quatuor
897 854 1004 897 versus
1025 831 1115 897 allati
1138 839 1196 897 aut
1219 830 1377 918 desumpti
1400 852 1466 894 esse

331 970 401 1026 „ex
435 945 589 1032 Euripide
624 953 681 1010 aut
715 945 754 1010 ad
789 945 967 1033 exemplum
1001 946 1099 1011 huius
1127 954 1238 1033 poetae
1270 943 1465 1033 compositi.''

332 1058 460 1125 Nauck.
485 1058 540 1123 Vs
567 1061 652 1123 1126
678 1066 784 1124 tamen
808 1082 870 1124 non
890 1061 973 1124 sicut
992 1083 1077 1125 nunc
1097 1083 1129 1125 se
1149 1060 1245 1125 habet
1263 1057 1302 1123 ab
1314 1058 1467 1147 Euripide

332 1175 469 1261 scriptus
487 1182 545 1253 est,
567 1180 606 1239 ut
625 1182 755 1260 apparet
778 1197 815 1238 ex
837 1175 975 1239 oratione
999 1174 1198 1261 Melanippes
1219 1197 1314 1259 quam
1334 1173 1468 1238 servavit

331 1287 427 1353 Dion.
451 1287 537 1366 Hal„
561 1288 600 1352 ir.
625 1288 702 1352 Eur.
726 1290 802 1368 488,
825 1290 894 1353 κούκ
915 1290 986 1367 ἐμὸς
1009 1290 1023 1354 i
1047 1293 1149 1368 μῦθος,
1169 1290 1242 1354 ἀλλ’
1262 1290 1339 1368 ἐμῆς
1358 1289 1467 1370 μητρὸς

333 1405 425 1484 πάρει,
461 1403 578 1489 quibus
607 1404 765 1468 addantur
796 1404 895 1490 ipsius
924 1403 1068 1490 Dionysii
1098 1404 1209 1470 verba:
1240 1405 1466 1478 ›lMsacvr'm
1555 1425 1557 1427 ’

334 1518 425 1598 σοφὴ,
460 1518 495 1582 ro'
528 1520 631 1599 lpircae
665 1518 834 1599 Εὐριπίδου,
865 1519 1085 1600 ἐπιγέγραπται
1115 1520 1171 1597 μὲν
1200 1518 1291 1599 σοφὴ,
1319 1516 1362 1582 ὅτι
1384 1523 1469 1598 <praa

334 1638 425 1711 σοφεῑ
449 1630 504 1695 καὶ
527 1632 577 1695 aa
598 1636 685 1697 τοῦτο
707 1635 844 1706 τοιαύτης
868 1635 976 1715 μητρός
998 1635 1078 1698 ἐστιν
1101 1632 1178 1718 (scil.
1202 1633 1332 1719 Hippea,
1357 1631 1467 1697 Chiro-

205 1830 209 1835 ,
336 1745 384 1808 nis
413 1743 509 1829 filiae)
535 1742 582 1809 iva
607 1746 650 1824 μὴ
674 1747 814 1819 caldaras
838 1744 854 1827 ᾖ
878 1749 895 1818 ἡ
919 1748 1094 1829 φιλοσοφία.
1120 1747 1194 1813 Non
1217 1747 1316 1833 igitur
1338 1771 1356 1810 a
1379 1753 1468 1833 patre

338 1858 438 1923 Aeolo
462 1860 557 1925 seda
580 1868 680 1926 matre
703 1861 931 1948 philosophiam
955 1863 1046 1927 docta
1068 1869 1146 1928 erat.

338 2059 392 2125 Vs.
419 2053 525 2124 1131.
562 2059 778 2139 Ὀλυμπιᾶσιν,
802 2064 832 2126 ἐν
854 2062 978 2136 Πύλαις,
1002 2063 1159 2127 Πυθοῖ-

382 2174 485 2239 Schol.
517 2173 583 2246 Zac.-
616 2176 630 2239 ὁ
660 2174 773 2253 ἴαμβος
796 2176 933 2239 λέλεκται
956 2173 990 2249 ἐξ
1012 2176 1176 2257 Ἐρεχθέως
1199 2176 1220 2240 i.
1245 2198 1262 2240 e
1284 2198 1323 2239 ex
1344 2173 1469 2261 Euripi·

336 2289 384 2353 dis
408 2289 595 2353 Erechtheo.
623 2287 809 2354 Doeuerunt
832 2289 956 2370 Nauck,
979 2291 1016 2354 fr.
1042 2292 1117 2368 365,
1142 2299 1174 2353 et
1193 2288 1351 2366 Mainake,
1372 2287 1467 2353 Vind.

337 2406 391 2467 Ar.
418 2427 448 2490 p.
477 2406 550 2482 137,
576 2405 657 2469 hauc
680 2406 914 2469 annotationem
935 2405 1123 2491 adscriptam
1143 2405 1239 2468 fuisse
1257 2402 1295 2467 ad
1316 2426 1359 2467 vs.
1383 2405 1467 2467 1135

563 2513 604 2591 εἷς
627 2520 683 2596 μὲν
706 2522 793 2597 λέγος
816 2543 866 2597 μοι
889 2519 964 2599 δεῦρ’
986 2518 1034 2582 ist
1059 2522 1234 2599 aapxr'asrar.

384 2635 535 2697 Attamen
559 2633 652 2719 plura
674 2658 711 2698 ex
734 2634 840 2699 eodem
865 2635 1006 2699 dramate
1027 2635 1169 2699 derivata
1191 2641 1277 2711 suut,
1298 2633 1382 2717 quod
1402 2656 1467 2698 non

338 2747 423 2833 lugit
451 2747 662 2813 Meinekium.
693 2747 821 2836 Optime
852 2750 935 2813 euim
960 2772 1018 2814 uss.
1045 2750 1130 2813 1133
1154 2747 1204 2833 (de
1227 2769 1291 2832 quo
1313 2746 1409 2812 Dind.
1434 2748 1468 2812 iu

337 2869 446 2926 annot.
471 2863 504 2927 in
528 2862 651 2928 Schol.:
675 2862 873 2947 „Tragicum
892 2862 1027 2927 colorem
1047 2860 1186 2946 habet.'')
1205 2869 1238 2925 et
1260 2860 1469 2926 1131111001-

337 2975 403 3039 thei
434 2976 584 3041 historiae
614 2984 803 3061 congruunt.
826 2976 951 3041 Bellum
975 2984 1078 3040 ortum
1103 2983 1171 3041 erat
1194 2976 1277 3039 iuter
1299 2974 1471 3039 Athenien·

336 3113 384 3154 ses
417 3098 449 3154 et
470 3090 668 3170 Eleusinios;
693 3091 743 3156 his
766 3091 883 3156 auxilio
903 3092 990 3156 veuit
1016 3091 1194 3176 Eumolpus
1216 3112 1288 3154 cum
1312 3088 1469 3154 Thracicis

337 3204 444 3290 copiis.
474 3205 582 3290 apoll.
616 3204 670 3269 ΠΙ
704 3208 755 3285 15,
786 3210 816 3270 4.
841 3209 873 3270 4.
898 3191 1084 3292 Lycurge.
1107 3204 1217 3270 Leocr.
1241 3206 1258 3290 d
1283 3207 1325 3268 98
1352 3226 1402 3290 ap.
1425 3202 1468 3269 N.

337 3339 369 3403 p.
395 3320 470 3382 369.
495 3318 573 3384 Eur.
597 3320 636 3384 fr.
658 3322 733 3386 370.

383 3429 498 3516 Itaque
521 3434 589 3498 fieri
612 3443 716 3520 potest
739 3435 832 3500 etiam
856 3457 899 3498 vs.
922 3435 1005 3498 1181
1026 3433 1234 3518 Euripideum
1247 3455 1323 3497 esse.
1335 3430 1468 3497 Versum
1503 3418 1508 3425 ¹

202 3627 206 3631 q
341 3549 426 3611 1130
451 3570 514 3631 quo
537 3549 643 3613 minus
666 3549 741 3614 huic
765 3548 915 3613 addamus
939 3548 1048 3632 (Dind.
1073 3548 1095 3612 1.
1119 3549 1154 3632 1.)
1174 3555 1260 3612 vetat
1279 3569 1378 3632 pausa
1398 3544 1472 3611 Por-

338 3662 477 3726 soniana.

338 3865 393 3931 Vs.
420 3859 526 3932 1257.
563 3867 656 3939 πολὺς
679 3867 706 3930 δ’
729 3865 817 3947 ἀμφὶ
842 3866 898 3938 τὰς
921 3865 1029 3943 γένυες
1052 3866 1147 3945 ἆφρὸς
1170 3862 1257 3937 ἤνσει.

385 3980 488 4046 Schol.
524 3982 594 4060 πρὸς
628 3984 661 4046 τὸ
692 3981 773 4061 παρὰ
803 3982 843 4060 τῷ
874 3977 1063 4059 ’Λρχιλᾶχῳε
1096 3979 1237 4055 »πηὸς
1268 3976 1294 4041 δ’
1319 3976 1413 4057 ἀφρὸς
1437 3969 1472 4048 ἦν

338 4094 401 4175 περὶ
425 4093 546 4172 στόμ’
570 4093 623 4158 aa>
650 4101 813 4175 Σοφοκλῆς.
836 4091 1011 4173 Quemnam
1032 4090 1193 4177 Sophoclis
1212 4089 1316 4155 locum
1335 4076 1482 4174 resperas

339 4208 382 4271 rit
413 4206 586 4273 Scholiasta
617 4230 681 4272 non
708 4206 821 4291 liquet.
853 4204 904 4269 Fr.
939 4207 1023 4269 1012
1048 4203 1103 4285 N„
1132 4207 1197 4269 914
1222 4202 1260 4267 D.
1287 4201 1390 4267 Verba
1415 4203 1472 4266 Ar·

339 4321 476 4387 chilochi
507 4321 546 4386 ab
576 4322 816 4409 Aristophaneis
844 4322 939 4386 nimis
961 4321 1142 4407 discrepant
1165 4342 1259 4404 quam
1284 4332 1320 4381 ut
1344 4317 1383 4381 de
1405 4317 1473 4381 imi·

339 4439 459 4503 tatione
484 4439 616 4523 cogitari
638 4439 746 4523 possit.
