3592 5484
760 608 762 614 ’
811 663 953 724 somme.
1382 650 1422 712 ar

246 844 262 867 '
323 838 444 917 θέλγειν
467 836 620 901 usitatum
645 835 687 898 sit
711 835 798 920 epico
821 856 961 899 sermone
984 855 1047 918 quo
1071 842 1104 898 et
1126 831 1162 898 al
1181 858 1214 898 κε
1238 835 1385 928 pertinet.
1407 834 1445 900 In

324 952 449 1017 scholiis
471 950 590 1034 legitur
612 946 646 1011 ai
662 972 696 1012 κε
719 949 761 1027 μὴ
785 946 935 1030 &etQ-“liz
956 947 1178 1029 Kara‘loetQSfi
1198 949 1252 1013 sed
1264 947 1341 1013 Rau.
1354 947 1448 1013 habet

325 1061 550 1143 Κιιτοιθελχθῇ.
584 1060 725 1126 Fortasse
748 1060 848 1126 simile
871 1060 948 1145 quid
971 1059 1045 1126 olim
1069 1061 1101 1124 in
1126 1059 1304 1126 Heraclidis
1328 1060 1450 1147 legeba-

324 1187 388 1243 tur.
414 1175 475 1241 Sed
498 1175 557 1241 hoc
580 1181 617 1240 ut
642 1175 736 1240 nimis
758 1175 913 1239 incertum
937 1175 1040 1239 mitto.

326 1413 381 1479 Vs.
407 1407 490 1476 221.
544 1412 628 1478 άλλά
650 1399 799 1494 σσὲΦοονοῦ
822 1413 872 1477 uel
895 1413 1000 1478 σπένδε
1022 1414 1063 1493 σῷ
1087 1413 1241 1494 Κοαλέμῳ.

373 1527 475 1594 Schol.
507 1532 592 1592 τοῦτο
622 1527 653 1591 δὲ
683 1524 848 1607 πιιρῴδνσεν
879 1528 912 1590 ἐκ
942 1535 995 1600 τῆς
1026 1527 1193 1608 τραγῳδίαις
1223 1528 1244 1590 i.
1277 1551 1302 1591 e.
1327 1549 1448 1592 servum

325 1642 402 1707 facit
433 1641 613 1725 loquentem
645 1639 728 1703 sicut
757 1639 933 1723 loquuntur
962 1639 994 1704 in
1018 1621 1189 1725 tragoedia,
1213 1641 1448 1722 ποοροοτριινῳδεῒ.

327 1754 515 1821 Conierotur
538 1752 615 1818 Eur.
639 1753 751 1818 Bacch.
777 1754 859 1817 313:
933 1813 936 1818 .

523 1867 574 1934 nal
597 1868 704 1933 σπένδε
726 1867 776 1931 real
800 1867 936 1947 βάκχευε
958 1866 1011 1932 nal
1035 1868 1148 1949 στέφον
1171 1867 1255 1949 κάρα.

372 1981 474 2063 Quem
499 1981 686 2047 versiculum
710 1980 838 2045 afferens
860 2003 923 2045 non
944 1979 1013 2046 dico
1033 1977 1276 2068 Aristophanem
1296 2003 1368 2045 eum
1386 1982 1453 2045 imi·

326 2104 428 2163 tatum
453 2119 528 2176 esse,
553 2118 624 2160 nam
646 2093 785 2159 Bacchae
809 2094 929 2160 dudum
956 2103 1026 2181 post
1048 2094 1183 2179 Equites
1207 2094 1316 2159 doctae
1339 2102 1423 2160 sunt.

139 2275 149 2290 x
249 2327 254 2332 “
327 2319 380 2385 Vs.
405 2313 487 2383 229.
712 2322 760 2400 χώ
782 2319 850 2393 θεὸς
873 2316 1068 2400 ξυλλήψεται.

371 2414 508 2498 Videtur
542 2433 636 2498 luisse
669 2434 827 2498 sententia
860 2432 987 2498 Graecis
1021 2434 1148 2513 usitata,
1185 2433 1448 2519 quemadmodum

327 2547 412 2635 apud
441 2552 596 2612 nostrates
627 2552 728 2612 extat:
758 2545 859 2626 „God
890 2547 977 2633 helpt
1002 2547 1059 2611 wie
1083 2546 1152 2612 sich
1176 2547 1284 2612 zelven
1307 2545 1451 2634 helpen.''

328 2660 460 2749 Scripsit
483 2659 650 2747 Euripides
671 2659 705 2725 in
727 2661 829 2747 priore
852 2659 1034 2747 Hippolyto)
1058 2661 1095 2725 [ι.
1119 2663 1183 2725 435

549 2774 590 2854 τῷ
613 2775 671 2856 γάρ
695 2779 825 2839 πονοῦντι
848 2773 900 2839 ml
922 2773 991 2848 θεὸς
1014 2774 1236 2853 συλλαμβάνει,

271 2942 273 2946 .
328 2886 503 2972 Aeschylus
526 2884 610 2952 Pers.
637 2890 701 2953 742

466 2999 537 3064 άλλ’
560 2997 630 3064 ὅσιον
653 3000 764 3082 σπεύδῃ
787 3024 831 3074 τις
855 3002 953 3075 ariste,
977 3003 1026 3082 χά
1046 3000 1114 3074 θεὸς
1138 3001 1320 3067 συνάπτεται

328 3120 361 3178 et
385 3111 567 3192 Menander,
591 3113 688 3178 Mein.
713 3113 760 3179 IV
782 3113 843 3179 fab.
868 3115 929 3180 inc.
954 3116 994 3179 4⁷

580 3227 679 3309 ,σάλμιι
707 3228 806 3312 δικοιίοι
828 3226 880 3293 κοά
902 3228 971 3321 θοὸς
990 3230 1209 3309 συλλαμβάνει.
1234 3268 1237 3275 ·

375 3339 539 3406 Dindorflo
569 3340 737 3427 Euripides
760 3341 949 3427 Aeschylum
975 3343 1120 3408 imitatus
1143 3366 1209 3408 esse
1230 3343 1365 3423 videtur,
1390 3343 1455 3410 Me·

328 3455 448 3519 nauder
471 3454 656 3541 Euripidem
679 3456 731 3520 sed
756 3477 826 3519 curn
851 3456 1038 3520 sententiam
1062 3457 1231 3543 proferant,
1257 3479 1337 3542 quae
1360 3458 1393 3523 in
1412 3459 1455 3524 lo-

331 3590 404 3633 cum
434 3590 631 3633 communem
655 3566 766 3659 abiisse
790 3569 926 3648 videtur,
950 3568 987 3634 de
1012 3570 1188 3636 imitatione
1212 3572 1349 3657 cogitare
1372 3572 1455 3637 nihil

331 3704 411 3768 opus
433 3688 489 3746 est.

331 3908 386 3973 Vs.
413 3900 495 3971 249.
781 3907 926 3981 πολλάκις
948 3909 1006 3991 γάρ
1028 3909 1096 3974 κάτ’
1119 3911 1169 3990 ἐρῶ

400 4019 402 4022 ’
464 4019 516 4085 ml
540 4020 598 4102 γάρ
622 4014 703 4093 οὗτος
725 4014 759 4093 ἦν
783 4026 944 4102 ποινοῦονος
968 4023 1113 4095 πολλάκις
1136 4030 1190 4097 τῆς
1213 4022 1335 4105 ἧμὲροις.

377 4135 455 4200 Eur.
483 4134 578 4221 Hipp.
605 4134 826 4220 collegitur:

733 4252 825 4327 μισῶν
849 4249 875 4313 δ’
901 4247 998 4314 οὔποτ’
1025 4248 1284 4330 ε’μπλιισθιὶσομιοι

558 4368 715 4442 νννιοῑκοις,
738 4362 796 4426 οὐδ’
820 4359 847 4426 εἴ
866 4361 946 4443 Φνσί
965 4363 1009 4435 τίς
1033 4361 1118 4441 μ’άεὶ
1143 4362 1254 4443 λέγειν·

559 4473 607 4540 olel
629 4474 687 4558 γάρ
710 4469 757 4541 οὖν
779 4475 842 4550 πάς
864 4476 917 4541 εἱσι
939 4477 1072 4541 κάκεῒνσιι
1095 4475 1195 4541 aaut.
