3592 5484
355 571 419 632 144
595 625 597 629 .
836 586 952 632 sanan.

330 754 435 818 Minae
466 761 499 816 et
524 755 587 816 475
615 753 643 816 τὸ
666 753 723 832 γὰρ
747 755 863 831 Στυγὸς
885 791 931 800 -
953 754 1074 834 παίζων.
1100 751 1222 817 Deinde
1245 752 1348 816 Schol.
1373 751 1459 818 Ven.

330 865 381 929 xxi
405 866 445 928 τὲ
468 867 522 941 μὲν
545 866 638 944 {aurp}
661 866 803 929 art-ieras
825 866 915 943 λέγει,
939 866 1013 931 τάδε
1034 864 1068 940 ἐξ
1092 867 1251 946 Εὐριπίδου
1270 867 1339 945 πρὸς
1360 865 1458 946 Φέβον

293 979 297 985 ’
333 979 478 1042 Διονύσου.
502 976 581 1042 cod.
605 978 741 1065 denique
765 977 846 1043 Tlor.
872 989 899 1042 Θ
923 978 1016 1042 habet
1043 981 1076 1044 ἐκ
1099 980 1218 1052 Θησέως
1242 979 1411 1058 Εὐριπίδου.

375 1090 502 1155 Dicitur
535 1093 634 1175 igitur
664 1091 804 1156 Theseus
834 1095 910 1157 Τοῖα
941 1097 1057 1171 Στυγὸς
1085 1095 1148 1157 xri.
1179 1093 1365 1158 vociferatus
1389 1116 1455 1157 esse

332 1204 470 1269 Minotm
495 1203 610 1268 adiens.
636 1206 680 1267 At
703 1206 775 1292 quis
798 1205 926 1270 credat?
943 1204 1063 1270 Acerba
1081 1228 1154 1271 sane
1174 1205 1341 1290 protulerit
1354 1203 1457 1284 verba,

333 1319 365 1383 in
390 1341 491 1402 regem
516 1319 658 1381 invectus
680 1319 721 1383 sit
743 1319 798 1406 qni
823 1342 935 1403 pueros
957 1319 1140 1406 puellasque
1161 1319 1253 1383 morti
1273 1317 1394 1384 obicere
1415 1327 1458 1398 et,

335 1439 373 1495 ut
407 1431 551 1515 Hyginus
582 1431 679 1494 tradit
711 1434 799 1495 Poet.
831 1435 915 1495 Astr.
948 1431 983 1496 Il
1010 1437 1028 1495 5
1054 1434 1220 1516 (nescimus
1242 1455 1282 1497 an
1307 1455 1345 1496 ex
1368 1433 1461 1497 Euri·

334 1543 416 1630 pide)
442 1545 590 1628 virginem
615 1543 778 1609 Eriboeam
800 1547 1001 1630 comprimere
1016 1546 1126 1625 voluit,
1147 1547 1201 1610 sed
1224 1546 1312 1634 quid,
1333 1568 1458 1634 quaeso,

334 1680 442 1721 saxum
476 1656 618 1742 Stygium
654 1665 686 1720 et
721 1659 910 1722 Acherontis
942 1680 1034 1744 rupes
1065 1665 1098 1722 et
1126 1657 1234 1743 Cocyti
1266 1681 1358 1723 canes
1387 1681 1459 1725 cum

333 1770 451 1836 Theseo
481 1780 513 1834 et
544 1795 614 1856 rege
638 1770 857 1836 Cretensium?
880 1772 1080 1860 Quamquam
1104 1795 1205 1858 pauca
1227 1782 1356 1837 tantum
1380 1773 1461 1858 frag·

333 1891 439 1949 menta
471 1884 581 1949 Thesei
615 1895 795 1970 supersunt,
832 1888 941 1974 quovis
973 1895 1078 1951 tamen
1107 1887 1239 1973 pignore
1273 1886 1460 1951 contendam

332 2000 408 2062 talia
438 1997 592 2062 Theseum
622 2021 686 2063 nou
717 1998 831 2063 dixisse
861 2021 962 2086 neque
995 1999 1096 2064 Minoi
1122 2022 1239 2088 neque,
1264 1998 1348 2087 quod
1374 1999 1461 2064 Mus·

336 2113 441 2197 gravio
464 2112 593 2197 placuit,
618 2110 809 2175 Minotauro.

381 2225 486 2289 Primo
522 2226 645 2314 quidem
677 2227 827 2311 adspectu
858 2225 981 2291 videtur
1011 2226 1184 2290 Scholiasta
1219 2228 1324 2290 omnia
1352 2225 1461 2290 sedulo

336 2341 536 2425 investigasse
565 2349 596 2402 et
620 2342 721 2424 ipsum
748 2341 916 2425 inspexisse
940 2341 1056 2415 drama,
1081 2363 1153 2404 cum
1180 2340 1229 2404 vel
1254 2363 1368 2404 nomen
1393 2341 1462 2403 eius

338 2476 429 2541 quem
464 2453 601 2519 Theseus
631 2453 787 2518 allocutus
817 2456 858 2518 sit
888 2454 1018 2530 noverit,
1051 2462 1081 2516 at
1113 2453 1186 2517 alibi
1217 2476 1342 2542 quoque
1367 2455 1400 2518 in
1425 2454 1463 2518 si·

338 2568 405 2633 mili
429 2591 462 2632 re
485 2570 611 2633 nomina
630 2569 703 2632 ficta
721 2577 805 2633 sunt.
826 2569 975 2633 Eiusdem
995 2569 1078 2632 enirn
1098 2569 1165 2633 cod.
1185 2568 1265 2633 Ven.
1280 2567 1462 2644 Scholiasta,

339 2683 393 2771 qui
424 2683 482 2747 hoc
514 2684 580 2747 loco
611 2682 648 2746 de
679 2682 799 2747 Theseo
823 2682 944 2746 multus
967 2691 1024 2761 est,
1049 2681 1087 2746 ad
1112 2681 1207 2768 Vesp.
1234 2685 1309 2760 313,
1333 2680 1462 2768 perinde

339 2819 375 2860 ae
409 2798 433 2861 si
470 2799 534 2882 ipse
568 2798 674 2861 drama
692 2798 902 2882 inspexisset,
939 2803 1090 2860 memorat
1127 2797 1334 2883 Hippolytum
1367 2796 1462 2860 luisse

339 2910 394 2997 qui
423 2911 558 2984 datantes
587 2912 647 2974 κτὲ.
681 2911 806 2975 locutm
834 2911 885 2973 sit.
910 2909 1004 2990 Quod
1028 2917 1133 2974 tamen
1159 2909 1272 2974 falsum
1296 2916 1392 2997 atque
1413 2909 1465 2972 fic·

339 3030 409 3085 tum
433 3030 489 3087 est.

387 3139 416 3199 2.
449 3135 499 3199 Ad
522 3160 565 3201 rs.
591 3138 655 3199 473
678 3137 754 3200 citat
778 3136 879 3201 Schol.
904 3137 969 3221 ipsa
992 3136 1155 3221 Euripidis
1183 3135 1275 3199 verbu
1299 3158 1379 3224 quae
1398 3135 1465 3199 imi·

338 3257 424 3314 tatus
446 3252 487 3314 sit
510 3251 747 3336 Aristophanes:
771 3251 784 3314 ὅ
809 3251 896 3321 τόπος
920 3245 1000 3322 οὗτος
1024 3252 1106 3330 aspi
1128 3251 1169 3314 rai
1194 3252 1224 3314 ἒν
1243 3257 1338 3323 Θησεῖ
1358 3251 1429 3328 Erip.

560 3363 635 3444 stipa
658 3388 691 3427 τε
713 3363 771 3443 7a'p
795 3388 845 3427 eeu
867 3362 1121 3451 συγχέωζκᾶμκις
1144 3364 1217 3440 ὁμοῦ

563 3482 635 3557 ,ὀκνῶ
659 3503 692 3542 τε
714 3477 813 3542 archid
841 3478 1018 3556 ἐγκέφαλον,
1043 3477 1188 3554 ὀμμάτων
1212 3477 1238 3541 δ’
1264 3475 1324 3541 ἄπο

562 3591 735 3667 κὶμσσταγῆ
759 3599 902 3670 spaeram
923 3589 1068 3667 §strenas
1091 3589 1180 3654 aira.

387 3702 438 3767 Fr.
463 3706 537 3767 383.
561 3727 589 3766 r.
613 3703 715 3767 Here.
740 3704 937 3780 αἱμσστκγεῑς
959 3710 1119 3781 πρηστῆρες
1143 3703 1275 3767 eiecerat.

387 3816 468 3880 llira
500 3817 639 3901 prolecto
669 3816 811 3901 parodia!
843 3815 931 3879 Num
965 3815 1041 3878 haec
1072 3816 1297 3900 Aristophanes
1325 3815 1467 3879 imitatus

342 3929 410 3994 est?
432 3934 477 3994 nt
499 3932 603 3995 omnia
625 3938 747 4016 praeter
771 3952 869 3994 unum
895 3929 1127 4006 αἱμκτασταγάς
1151 3929 1315 3994 dissimilia
1340 3936 1425 3993 sunt.

389 4045 418 4107 3.
449 4045 557 4108 Restat
587 4046 679 4109 tertia
708 4045 878 4122 annotatio,
902 4044 940 4106 ad
964 4066 1006 4105 rs.
1031 4046 1095 4107 475
1123 4044 1298 4122 Τιρτησσίκ
1321 4043 1465 4121 μύραιναι

255 4161 261 4173 ’
342 4159 424 4237 rapit
451 4159 492 4222 τὰ
522 4160 551 4222 ἐν
575 4162 613 4238 τῷ
636 4166 733 4232 Θησεῖ
753 4158 920 4235 Εὑριπίδσυ.
946 4156 1029 4220 Fieri
1055 4158 1182 4221 omniuo
1206 4165 1309 4242 potest
1333 4157 1381 4219 his
1403 4178 1468 4219 ver·

343 4269 391 4335 bis
413 4273 571 4357 parodiam
594 4273 743 4337 dramatis
765 4271 876 4334 Thesei
900 4270 1010 4348 inesse,
1035 4270 1061 4335 si
1087 4294 1158 4335 vero
1178 4271 1355 4335 testimonia
1380 4269 1467 4334 soho

342 4384 504 4449 liastarnm
537 4383 744 4471 ponderamus
777 4407 840 4448 non
871 4406 1082 4464 numeramus,
1113 4383 1152 4447 iis
1183 4406 1263 4472 quae
1295 4382 1333 4447 de
1369 4382 1468 4447 schol.
