3592 5484
840 707 969 752 VESPAE·
1402 699 1443 760 53

590 821 597 851 i

343 873 381 937 de
412 872 527 958 quibus
557 874 618 938 vid.
651 871 833 958 Borgkium,
862 874 899 939 ir.
932 872 1023 938 Pind.
1059 879 1130 939 190.
1164 875 1318 943 Videntur
1349 889 1470 966 praete·

343 1010 397 1052 rea
420 988 512 1052 rerba
539 987 746 1068 ἔχεις-πόροι
771 989 861 1052 sinete
885 1011 947 1052 uon
971 989 1107 1074 ipsorum
1133 1013 1197 1054 esse
1221 1013 1391 1078 puerorum
1416 995 1469 1059 sed

343 1101 475 1166 alicuius
498 1103 618 1186 tragici.
647 1101 849 1166 Substantiro
873 1103 956 1182 πόρος
978 1103 1086 1167 eodem
1105 1104 1195 1168 modo
1216 1107 1318 1171 utitur
1337 1108 1470 1193 Aeschy-

342 1214 392 1279 lus
421 1223 453 1279 et
482 1216 659 1301 saepissime
691 1215 869 1302 Euripides.
905 1216 987 1299 (Una
1018 1239 1089 1280 oum
1108 1219 1191 1290 ἐλπίς
1214 1220 1348 1284 occurrit
1372 1220 1465 1286 Herc.

343 1328 404 1393 fur.
430 1333 470 1393 80
496 1336 545 1394 νῦν
569 1325 616 1396 οὖν
639 1332 692 1395 τίν’
713 1329 813 1401 ἐλπίδ’
833 1329 849 1403 ἢ
870 1331 953 1410 πόριν
973 1332 1113 1411 σωτηρίας
1134 1331 1138 1416 Ι
1158 1329 1380 1418 ἕξευμιιριῒειςς)
1392 1333 1467 1400 Νοιι

342 1451 469 1524 temere,
504 1445 623 1530 opinor,
656 1444 788 1509 conicias
812 1444 904 1510 verba
927 1444 1021 1509 allata
1046 1468 1082 1509 ex
1107 1446 1210 1510 eadem
1236 1448 1395 1531 tragoedia
1417 1448 1468 1514 de·

344 1558 443 1622 rivata
478 1582 543 1624 esse
575 1582 611 1623 ex
643 1581 705 1643 qua
728 1582 772 1623 vs.
799 1562 863 1623 312
886 1582 963 1644 sqq,
988 1583 1005 1623 e
1030 1559 1146 1624 Theseo
1169 1561 1249 1639 dieo,
1274 1570 1306 1626 et
1328 1563 1466 1648 profect-a

341 1695 404 1736 esse
426 1696 444 1737 a
466 1674 582 1759 pueris,
601 1672 713 1738 Thesei
725 1672 911 1751 -oomitibus
932 1674 970 1738 de
990 1674 1091 1738 salute
1103 1697 1200 1760 paene
1212 1675 1447 1762 desperantibus
1454 1705 1464 1757 ;

339 1808 429 1871 porro
455 1785 574 1860 Ἕλλας
597 1788 651 1868 ἱρόν
674 1794 785 1874 natum
809 1811 874 1852 esse
898 1811 934 1851 ex
959 1788 1064 1872 aliquo
1086 1787 1238 1853 adieetivo
1256 1791 1305 1854 vol
1325 1788 1468 1856 substan·

339 1900 403 1965 tivo
433 1901 517 1984 quod
545 1924 617 1966 cum
649 1902 731 1982 πόρον
760 1903 962 1967 coniunctum
986 1910 1066 1967 essat
1089 1903 1134 1966 ita
1156 1910 1194 1967 ut
1216 1906 1372 1969 sententia
1395 1928 1463 1970 eva·

339 2014 427 2080 deret
453 2017 560 2092 „eiam
592 2018 711 2096 salutis,
741 2015 877 2104 effapii,’'
906 2024 938 2081 et
967 2016 1006 2081 ab
1033 2017 1241 2103 Aristophane
1274 2021 1355 2100 napa
1376 2043 1461 2101 προς-

339 2128 436 2193 δοκίιιν
459 2130 492 2193 in
516 2128 646 2193 Pindari
671 2128 792 2202 Ἕλλας
815 2130 868 2211 ἱρόν
891 2130 1051 2194 detortum
1074 2131 1123 2195 sit.

384 2243 454 2309 Nisi
488 2244 551 2308 tale
585 2244 663 2328 quid
693 2246 807 2309 accidit
838 2245 947 2309 comici
980 2245 1065 2309 iocus
1096 2246 1275 2331 perineptus
1296 2254 1342 2312 est
1364 2256 1460 2332 atque

343 2358 489 2423 insulsus.

340 2646 392 2711 Vs.
418 2639 499 2710 312.
560 2655 596 2710 Π.
623 2646 654 2710 τί
675 2670 715 2724 με
738 2645 813 2719 δῆτ’,
839 2641 859 2708 ὦ
882 2638 979 2722 μελέα
1003 2653 1103 2724 μῆτερ,
1128 2643 1255 2721 &aaran

561 2770 594 2823 X.
621 2757 655 2823 ἵν’
680 2758 746 2838 ἐμοὶ
771 2759 943 2839 πράγματα
968 2758 1083 2836 βόσκειν
1106 2759 1249 2839 πκρέχῃς.

558 2883 594 2938 Π.
622 2873 758 2947 ἀνόνητον
781 2871 826 2953 ἄρ’
849 2867 870 2936 ὦ
894 2871 1026 2938 θυλάκιόν
1050 2873 1077 2936 σ’
1101 2868 1180 2952 εἶχεν
1203 2872 1346 2952 ἄγαλμα.

625 2989 665 3060 ἐὴ.

626 3101 707 3181 πάροι
732 3102 784 3181 νῷν
807 3098 965 3179 στενάζειν.

379 3276 429 3340 Ad
464 3299 507 3339 vs.
544 3278 621 3369 313Ι
640 3275 812 3355 πράγματα
842 3275 959 3352 βόσκειν
992 3274 1090 3338 schol.
1116 3276 1152 3339 Ὀ
1176 3273 1262 3353 λόγος
1286 3279 1318 3340 ἐκ
1341 3276 1460 3351 Θησέως

335 3391 499 3471 Εὐριπίδου.
525 3392 589 3454 ἐκεῖ
607 3391 664 3470 γὰρ
692 3395 792 3455 ταῦτα
812 3389 946 3468 λέγουσιν
966 3391 990 3454 oi
1009 3379 1179 3467 ταττόμὲνοι
1200 3392 1306 3455 axiis:
1319 3393 1357 3463 εἷς
1371 3391 1460 3472 βορὰν

335 3506 374 3584 τῷ
398 3504 585 3585 Μινωταύρῳ.

378 3617 440 3680 vix
464 3616 564 3682 oredo.
589 3616 693 3682 Verba
717 3614 933 3696 ἵν’-παρέχῃς
956 3599 1053 3702 patris
1075 3625 1147 3680 sunt
1172 3615 1258 3700 (Cob.
1280 3616 1352 3682 Var.
1370 3616 1457 3684 Leot.

333 3752 362 3816 p.
397 3732 458 3812 17),
483 3731 610 3793 minime
633 3729 751 3814 tragion
775 3730 828 3794 sed
852 3753 868 3793 e
891 3729 973 3793 vitae
997 3729 1196 3813 quotidianae
1221 3716 1456 3810 consuetudine,

333 3865 412 3926 quae
440 3865 503 3927 quo
526 3842 654 3908 tandem
678 3842 769 3907 modo
792 3867 810 3907 a
834 3843 949 3929 pueris,
974 3866 1052 3927 quos
1076 3843 1274 3908 Minotaurus
1298 3845 1460 3909 devoratu·
1484 3903 1485 3906 ,

333 3979 386 4021 rus
418 3964 508 4035 esset,
538 3959 669 4043 proferri
699 3957 869 4043 potuerint,
902 3980 962 4021 non
987 3956 1085 4020 video.
1110 3956 1251 4021 Pertinet
1273 3959 1338 4021 sine
1361 3956 1458 4022 dubio

333 4069 476 4135 Scholion
507 4071 545 4135 ad
577 4072 813 4156 praecedentem
845 4093 967 4135 versum
999 4070 1190 4141 ιη’-ἔτικτες.
1224 4069 1372 4135 Eiusdem
1394 4077 1455 4135 tra·

332 4187 441 4272 goedia
464 4185 593 4273 parodia
616 4187 699 4250 inest
723 4188 826 4250 versui
852 4189 926 4249 314.
952 4184 1054 4250 Schol.
1079 4186 1121 4248 sic
1139 4186 1257 4270 pergit:
1278 4186 1310 4249 τὸ
1330 4185 1361 4248 δὲ
1380 4181 1457 4258 ἑξῆς,

331 4305 363 4366 τὸ
385 4303 521 4375 ἀνόνητον
538 4301 606 4382 ripa,
625 4302 799 4373 Ἱππόλυτός
819 4303 896 4366 ἐστιν
917 4303 930 4365 ὃ
951 4302 1045 4378 λέγων
1065 4302 1127 4364 ἐκεῖ
1136 4349 1155 4378 ,,
1165 4301 1300 4373 ἀνόνητον
1312 4298 1456 4378 ἄγαλμα,

329 4415 435 4495 πάτερ,
470 4414 574 4516 οἴκοισι,
597 4416 717 4481 τεκών.”
749 4415 907 4499 Loquitur
929 4415 1027 4499 igitur
1050 4436 1137 4500 puer,
1164 4423 1195 4478 et
1218 4414 1275 4478 hoe
1298 4414 1365 4478 loco
1385 4437 1453 4478 ver·

331 4550 399 4593 sum
437 4532 502 4593 314
531 4553 630 4617 puero
661 4530 855 4597 reddendum
886 4553 950 4594 ease
982 4530 1125 4613 querenti
1157 4529 1241 4613 quod
1264 4529 1323 4594 sibi
1347 4551 1455 4594 sacam
