3592 5484
354 653 403 713 96
834 619 837 623 .
865 665 954 711 avae.

337 842 419 901 certe
440 834 480 898 ab
502 833 743 919 elegantissimis
764 841 797 897 et
817 833 1045 898 venustissimis
1063 832 1184 898 Avibus
1201 833 1304 898 aliena
1316 832 1461 913 videtur;

338 950 402 1013 imo
423 955 488 1012 tam
511 948 626 1012 mirum
650 955 698 1012 est
720 947 814 1012 hocce
837 947 1002 1011 inventum
1025 954 1064 1010 ut
1081 953 1269 1033 spectatores
1288 969 1353 1012 non
1370 948 1467 1014 inisse

338 1062 551 1128 intellecturos
579 1084 679 1147 qnare
709 1061 924 1150 excogitasset,
960 1058 1043 1124 unde
1066 1060 1220 1126 hausisset
1241 1061 1374 1145 etquid
1398 1068 1468 1127 tan·

338 1176 408 1241 dem
430 1184 561 1262 peteret,
585 1174 730 1241 arbitrer.
797 1212 801 1219 ·

383 1290 445 1356 Sed
465 1291 629 1377 perspicua
651 1290 734 1354 fiunt
756 1288 863 1352 omnia
885 1294 918 1368 et
940 1287 1024 1353 salva
1047 1294 1095 1352 est
1117 1286 1238 1368 facetia,
1259 1287 1363 1354 sisub
1383 1289 1469 1356 Aris-

338 1405 482 1491 tophanis
510 1403 697 1469 Prometheo
726 1402 883 1467 delitescit
915 1401 1115 1486 Aeschyleus,
1148 1401 1204 1486 qui
1233 1401 1312 1467 elam
1333 1396 1411 1468 Jove
1432 1403 1468 1468 in
1567 1461 1571 1467 .

337 1517 456 1583 Lemno
490 1517 592 1583 insula
627 1525 767 1580 montem
799 1513 1000 1599 Mosychlum
1030 1513 1193 1580 adscendit
1215 1522 1248 1580 et
1270 1538 1309 1580 ex
1329 1514 1466 1582 Vulcani

338 1633 458 1698 officina
480 1630 632 1696 scintillas
655 1629 771 1715 rapuit.
797 1629 976 1711 Quamnam
1000 1628 1059 1693 sibi
1083 1629 1137 1695 ille
1159 1629 1299 1695 induerit
1319 1631 1466 1716 speciem,

337 1769 377 1811 an
401 1745 511 1811 velarit
535 1753 632 1832 caput
654 1767 695 1809 ne
718 1767 736 1809 a
760 1743 831 1808 Diis
853 1751 1075 1829 agnosceretur
1095 1766 1159 1809 non
1182 1744 1383 1809 tradiderunt
1402 1766 1467 1831 my·

337 1860 502 1946 thographi
523 1859 577 1924 sed
600 1859 693 1941 adips
719 1858 789 1932 Διός
812 1858 930 1946 (Apoll.
954 1857 1037 1923 Bibl.
1062 1857 1080 1922 I
1102 1862 1132 1937 7,
1157 1860 1187 1942 1)
1204 1881 1277 1923 eum
1296 1859 1396 1944 egisse
1412 1881 1467 1925 no

335 1980 406 2038 tum
428 1982 486 2038 est.

381 2087 421 2152 In
449 2086 605 2171 colloquio
633 2109 706 2152 cnm
731 2085 929 2150 Peithetaerc
952 2086 1104 2170 originem
1128 2087 1331 2173 Aeschyleam
1352 2086 1467 2156 habuit

336 2202 464 2266 fortasse
487 2200 675 2266 vocabulum
698 2200 842 2278 βουλυτός
866 2201 1009 2283 (Homeri
1030 2207 1078 2264 est
1100 2201 1284 2285 βουλυτόνδε)
1307 2209 1340 2266 et
1351 2201 1465 2268 deinde

336 2316 500 2380 consilium
531 2314 710 2379 Promethei
741 2337 785 2378 vs.
820 2316 907 2378 1534
937 2335 1016 2398 sqq,
1041 2313 1095 2379 ubi
1117 2314 1303 2380 adhortatur
1324 2338 1398 2381 aves
1420 2338 1463 2382 ne

336 2452 407 2495 cum
440 2433 518 2495 Jove
545 2430 743 2515 paciscantur
775 2429 836 2494 nisi
867 2428 906 2493 iis
934 2428 1088 2493 Basileam
1108 2429 1282 2511 tradiderit,
1306 2453 1388 2515 qnae
1410 2430 1463 2496 ad·

336 2543 472 2608 hortatio
502 2566 590 2608 suam
622 2543 751 2608 demum
780 2544 845 2607 vim
876 2542 971 2608 habet
993 2544 1019 2606 si
1042 2550 1135 2629 poeta
1156 2543 1241 2608 ludit
1263 2543 1302 2608 iis
1324 2565 1406 2628 quae
1427 2526 1488 2609 in¹

335 2656 438 2723 Prom.
460 2663 551 2740 πυρῷ.
577 2658 662 2723 dicta
686 2664 790 2724 essent
808 2658 848 2722 de
864 2657 1005 2744 potentia
1023 2679 1115 2742 quam
1136 2657 1201 2722 suis
1219 2658 1378 2724 beneficiis
1388 2656 1463 2723 Pro

336 2772 478 2836 metheus
500 2770 569 2836 Diis
591 2773 727 2859 eriperet
750 2779 782 2836 et
805 2793 877 2835 oum
901 2770 1082 2836 hominibus
1105 2772 1358 2836 communicaret.
1383 2769 1463 2838 Con·

334 2883 507 2950 cedendum
527 2892 575 2950 est
589 2885 719 2970 quidem
733 2907 892 2969 nusquam
904 2886 937 2949 in
950 2884 985 2949 P.
1000 2884 1115 2950 Vincto
1126 2884 1229 2950 dicere
1239 2884 1461 2951 Prometheum

334 2998 498 3085 imperium
522 2999 610 3064 lovis
632 2999 719 3064 furto
742 2998 877 3063 Lemnio
901 3021 1042 3064 eversum
1065 2999 1104 3063 iri
1127 2999 1300 3084 nequeatis
1321 3000 1462 3072 assu»

332 3113 455 3193 patrita
485 3112 525 3177 ad
552 3113 692 3177 homines
713 3112 905 3178 translatum
929 3113 967 3178 iri
992 3118 1072 3197 (cum
1098 3112 1195 3178 buius
1217 3113 1341 3200 imperii
1360 3114 1463 3179 exitus

331 3226 425 3290 aliam
455 3225 584 3291 haberet
613 3249 749 3304 caumm,
773 3227 1011 3292 matrimonium
1034 3226 1143 3311 Jovis),
1167 3234 1201 3291 at
1222 3229 1329 3314 potuit
1351 3236 1458 3295 tamen

333 3337 369 3404 P.
392 3341 426 3404 in
449 3347 540 3421 πυρφ.
566 3338 713 3428 snperbia
736 3340 840 3405 elatus
862 3340 989 3425 gloriari
1012 3363 1044 3404 se
1068 3363 1123 3427 per
1145 3348 1227 3406 artes
1251 3342 1461 3428 scientiaeque

333 3453 475 3519 homines
503 3456 592 3541 regni
622 3455 711 3520 Jovis
732 3455 901 3542 participes
924 3455 1082 3521 iacturum
1105 3479 1181 3535 esse,
1206 3479 1308 3542 neque
1330 3455 1370 3522 ab
1393 3458 1463 3524 eius

332 3566 508 3632 charactere
539 3567 686 3634 abhorret
714 3569 916 3635 exclamatio:
951 3569 1105 3634 ἀπόλωλεν
1129 3571 1173 3654 (in
1198 3578 1278 3656 trag.
1301 3570 1461 3656 7λωλεν)5

334 3680 406 3754 Ζεύς
431 3703 475 3744 vs.
502 3683 597 3761 1514,
621 3683 642 3746 i.
667 3706 695 3747 e.
716 3691 821 3748 actum
846 3691 894 3748 est
917 3683 956 3748 de
978 3683 1065 3748 lovis
1087 3693 1253 3771 potestate,
1276 3708 1370 3771 quam
1394 3685 1464 3752 Pei·

330 3794 512 3860 thethaerus
530 3803 681 3880 tanquam
706 3798 816 3862 mortis
839 3799 988 3863 nuntium
1012 3798 1140 3885 accepit.
1164 3798 1281 3865 Versus
1307 3803 1391 3867 1547

554 3914 631 3987 μισῶ
654 3908 825 3984 δ’ἱπαντις
847 3912 915 3985 τοὺς
935 3912 1021 3985 θεοὺς,
1044 3914 1083 3986 ὥς
1105 3907 1186 3977 clota
1209 3913 1246 3978 σύ

331 4023 364 4088 in
388 4023 567 4088 memoriam
590 4033 716 4090 revocat
740 4024 845 4090 Prom.
871 4028 947 4091 975.

552 4138 642 4218 ἁπλῷ
664 4138 744 4220 λόγῳ
766 4139 837 4211 τοὺς·
860 4139 979 4212 πάντας
999 4141 1123 4221 lxdxips
1147 4140 1235 4214 θεούς.

375 4250 435 4316 Sed
476 4252 673 4318 luculentius
707 4260 837 4339 apparet
871 4253 1003 4339 parodia
1035 4255 1069 4318 in
1105 4252 1294 4320 carminibus
1329 4255 1459 4322 choricis

281 4371 285 4377 '
332 4365 417 4430 1470
439 4387 505 4450 sqq.
532 4369 618 4431 1553
642 4389 709 4452 sqq.
733 4366 891 4432 Describit
915 4366 959 4433 ibi
982 4375 1075 4454 poeta
1093 4367 1215 4434 abditas
1234 4376 1337 4434 terrae
1355 4377 1458 4456 partes

330 4496 411 4562 qnae
440 4499 512 4543 cum
542 4480 660 4545 Avium
682 4488 869 4567 argumento
892 4480 973 4547 nihil
996 4503 1160 4548 commune
1184 4480 1312 4565 habent,
1337 4484 1461 4571 aptissi-
