3592 5484
834 601 950 646 1111111.
1369 591 1430 653 141

329 766 412 831 enim
447 766 556 832 doctae
591 769 654 831 siat
689 766 741 830 Ol.
775 769 860 846 93,3‚
889 768 980 831 initio
1012 770 1085 833 anui
1117 775 1198 848 d=05;
1225 771 1362 837 Bacchae
1386 784 1455 859 post

330 891 460 946 mortem
493 881 664 968 Euripidis,
697 883 753 965 qui
781 882 887 945 codem
922 881 1015 946 huius
1047 883 1232 970 olympiadis
1260 910 1342 951 anrro
1367 888 1454 968 obiit,

330 1018 393 1060 noa
428 996 528 1081 igitur
559 1004 632 1060 ante
664 998 777 1060 festum
809 995 1030 1080 Diorrysiacum
1062 1001 1136 1063 anui
1170 1003 1233 1064 405
1265 1002 1298 1065 iu
1332 1025 1455 1067 scenam

329 1110 525 1195 prodierunt.

331 1335 385 1404 Vs.
411 1329 493 1399 357.
531 1334 668 1414 Κρατίνου
691 1338 741 1398 τοῦ
764 1335 964 1415 ταυροφάγου.

378 1449 479 1513 Schol.
512 1446 620 1528 εἴρηται
650 1448 681 1511 δὲ
713 1448 793 1526 ταριὶ
824 1451 856 1512 τὸ
888 1449 1072 1528 Σοφοκλέους
1096 1452 1129 1515 ἐκ
1154 1458 1264 1532 Τυροῦς
1287 1503 1307 1531 ,,
1322 1455 1458 1520 Διονύσου

332 1569 383 1629 τοῦ
408 1562 626 1643 ταυροφανοΨ.
653 1558 747 1638 Quod
766 1568 874 1624 tauron
898 1584 960 1625 non
984 1562 1095 1647 probat
1116 1565 1356 1650 Aristophanem
1375 1567 1459 1632 hunc

333 1678 492 1741 imitatum
524 1698 589 1740 esse
618 1673 733 1738 locum.
759 1677 805 1738 De
829 1675 1087 1760 interpretatione
1112 1678 1174 1741 vid.
1200 1679 1300 1744 Koch.
1326 1704 1353 1744 a.
1379 1681 1410 1746 11.
1434 1682 1455 1747 l.

336 1902 389 1968 Vs.
414 1894 497 1964 465.
535 1895 555 1962 ὦ
579 1898 701 1979 βδελυρὲ
723 1898 924 1977 κάναίσχυντε
947 1897 997 1962 καὶ
1021 1902 1149 1981 τολμηρὲ
1171 1900 1218 1965 σύ.

381 2015 431 2080 Ad
461 2016 547 2079 hunc
577 2036 700 2077 versum
731 2013 887 2098 pertinere
918 2013 1012 2077 schol.
1038 2013 1129 2092 Vera,
1154 2016 1239 2099 ipuod
1263 2018 1301 2081 ad
1327 2041 1369 2080 vs.
1394 2021 1457 2084 467

334 2131 527 2215 adscriptum
552 2135 609 2206 est,
635 2126 776 2190 arbitrati
802 2135 876 2188 suut
900 2127 1043 2190 nounuifi
1069 2129 1272 2213 interpretes:
1297 2132 1457 2210 παραπλη-

335 2245 385 2310 σιιὶ
409 2247 470 2309 ἕττι
494 2243 607 2313 τούτοις
633 2241 673 2304 τα
696 2244 724 2304 ἐν
748 2243 788 2319 τῷ
812 2249 908 2312 Θησεῖ
930 2243 973 2324 (in
998 2242 1064 2305 cod.
1089 2246 1128 2305 rai
1153 2249 1208 2305 τῶν
1232 2245 1380 2330 (caeam)
1408 2269 1460 2307 τε·

338 2358 483 2435 τοιημὲνιι
517 2357 586 2436 παρ’
624 2355 777 2434 Εὐριπίδη.
816 2355 872 2417 ἐκεῖ
907 2355 964 2434 γαρ
994 2361 1120 2427 τοιοῦτος
1144 2352 1177 2428 ἦν
1207 2357 1379 2436 οτουδιέζαν
1410 2357 1462 2423 καὶ

336 2477 458 2536 τοιαῦτα
482 2471 562 2547 λέγει
586 2469 655 2548 τρο,-
674 2470 723 2532 τον
743 2469 857 2532 Μίνωα.
878 2468 991 2552 ltaque
1010 2469 1124 2533 Nauck
1146 2470 1231 2534 huuc
1244 2471 1464 2556 Aristophanis

336 2609 460 2651 versum
494 2583 676 2668 fragmentis
711 2581 872 2667 Euripidis
906 2583 1100 2659 adnumerat,
1138 2586 1173 2647 fr.
1216 2587 1290 2648 336.
1322 2584 1462 2649 Ribbeck

338 2700 414 2765 Acb.
439 2698 521 2763 Aah.
548 2721 578 2784 p.
604 2699 684 2760 300:
710 2695 877 2772 „Theseus
902 2695 989 2759 hatte
1014 2698 1063 2760 ein
1089 2699 1202 2782 Disput
1223 2699 1281 2761 mit
1301 2699 1408 2764 Minos
1428 2700 1461 2764 in

337 2814 514 2892 „welchem
546 2835 578 2875 er
608 2809 794 2874 Ausdriichc
823 2809 1023 2894 gebrauchte,
1057 2813 1112 2875 wie
1139 2815 1260 2878 Aeacus
1283 2836 1381 2898 gegen
1405 2814 1463 2879 den

337 2925 620 3006 „vermeintfichcn
657 2923 835 2988 Heracles.'’
872 2922 1064 2988 Dubitanter
1099 2925 1204 2989 Kock:
1242 2927 1324 3005 „Sie
1361 2927 1465 3010 (verba

339 3041 464 3119 „Aeaci
496 3062 539 3103 vs.
565 3040 641 3120 165)
665 3037 761 3100 solleu
786 3059 843 3100 aus
867 3035 1034 3121 Euripides
1058 3037 1197 3103 Theseus
1221 3047 1373 3104 stammoa
1399 3040 1465 3104 und

338 3157 467 3235 „dieser
498 3155 557 3219 den
591 3153 717 3217 Minos?
747 3175 780 3215 so
810 3152 999 3234 angcfahrcn
1032 3153 1163 3217 haben.”
1190 3153 1326 3218 Dindorf
1346 3177 1407 3218 non
1431 3156 1464 3218 in

340 3270 584 3354 fragmentorum
610 3289 775 3330 nnmerum
800 3267 927 3351 recepit.
952 3264 1057 3343 Recte,
1083 3289 1154 3330 cum
1175 3267 1226 3331 hic
1247 3267 1466 3353 Aristophanis

339 3405 447 3446 versus
470 3404 540 3445 curn
564 3381 683 3444 Theseo
707 3380 832 3444 omnino
855 3379 938 3444 nihil
962 3403 1126 3444 commune
1149 3379 1273 3445 habeat.

385 3496 416 3559 Si
448 3496 531 3559 enim
563 3496 629 3580 ipsa
653 3494 836 3579 inspicimus
860 3492 962 3573 verba,
988 3493 1069 3558 nihil
1093 3503 1139 3558 est
1165 3493 1249 3579 quod
1274 3495 1311 3557 de
1336 3494 1465 3579 parodia

342 3610 530 3693 cogitemus;
555 3607 695 3686 βδελυρός
719 3608 890 3669 convicium
916 3615 962 3669 cst
986 3631 1002 3669 a
1025 3608 1144 3687 tragico
1167 3631 1306 3672 serruone
1330 3609 1468 3672 alienum

341 3744 443 3806 neque
467 3721 551 3806 quod
575 3721 669 3784 sciam
695 3742 826 3803 usquam
847 3720 877 3782 in
899 3721 1058 3802 tragoedia
1079 3723 1242 3806 reperitur.
1257 3722 1386 3806 Saepius
1399 3745 1469 3786 con-

341 3844 390 3900 tra
414 3834 547 3898 recurrit
571 3833 602 3897 ia
628 3837 693 3912 Ar„
719 3841 756 3896 ut
779 3833 835 3915 Eq.
862 3835 936 3912 304,
962 3832 1047 3897 Plut.
1077 3837 1171 3897 loco.
1197 3834 1402 3899 Conferamus
1425 3836 1469 3899 in-

341 3949 450 4033 primis
473 3945 546 4011 Pac.
575 3950 654 4010 lea:

545 4056 565 4123 ὦ
590 4061 711 4138 βδελυρὲ
737 4061 814 4141 (cod.
840 4060 937 4142 μιαρὲ)
962 4059 1012 4125 καὶ
1037 4063 1163 4142 τολμηρὲ
1186 4062 1390 4142 κάναίσχυντε
1412 4063 1449 4126 σὺ

545 4172 597 4237 καὶ
622 4175 707 4253 μιαρὲ
730 4173 782 4237 καὶ
807 4175 964 4253 παμμίαρε
984 4174 1033 4236 καὶ
1057 4176 1233 4254 μιαρώτατε.

342 4285 380 4350 ad
415 4308 493 4372 quos
522 4309 628 4351 uersus
658 4285 741 4350 idem
774 4285 880 4350 Schol.
914 4285 1005 4365 Vea„
1031 4309 1221 4372 quamquam
1245 4287 1282 4352 de
1309 4288 1471 4355 11οο111111-

342 4401 422 4465 curii
447 4408 479 4465 et
502 4400 634 4486 'frygaei
660 4401 820 4484 colloquio
844 4401 995 4486 disputat,
1015 4401 1097 4466 nihil
1116 4401 1154 4466 de
1173 4404 1348 4467 imitatione
1360 4403 1472 4470 Thesei
