3592 5484
354 624 404 683 ’46
846 637 954 682 nuens.

332 804 509 889 tragoediae
533 827 655 869 scenam
678 804 876 869 referendum
900 804 1035 882 videtur,
1059 805 1174 870 efficias
1193 805 1270 870 haec
1287 805 1379 871 verba
1390 829 1458 893 pro

333 919 414 982 fecta
437 941 501 982 esse
526 916 564 981 ab
588 919 820 1002 Agamemnone
843 940 915 983 cum
939 919 1034 983 fratre
1054 917 1200 983 Menelao
1219 918 1392 984 altercanti.
1412 919 1459 985 cf.

335 1029 480 1095 Geelium
503 1032 537 1095 in
560 1053 656 1097 comm.
680 1036 716 1096 de
742 1033 864 1115 Peleplo
886 1037 920 1095 et
941 1031 1103 1111 Jahnium,
1133 1033 1247 1116 nupt.
1271 1055 1302 1119 p.
1329 1036 1381 1098 22.

379 1147 423 1208 nt
446 1144 555 1209 scholii
578 1144 671 1209 verba
694 1145 917 1231 expendamus.
940 1145 1095 1211 Nondum
1120 1145 1309 1231 explicatum
1334 1154 1382 1211 est
1404 1169 1460 1212 our

334 1256 437 1322 πάντα
477 1259 634 1343 scripserit
673 1266 791 1338 auctor,
828 1280 931 1343 neque
965 1259 1238 1343 grammaticorum
1271 1261 1459 1342 testimonia,

334 1373 475 1455 quamvis
504 1379 594 1435 cante
617 1372 655 1435 iis
677 1363 834 1435 utendum
858 1373 909 1452 sit,
933 1380 1051 1436 temere
1073 1379 1150 1437 sunt
1172 1356 1354 1458 spernenda.
1381 1375 1461 1457 Quis
1493 1351 1496 1357 ἱ
1564 1421 1567 1426 -

333 1485 417 1549 enim
447 1491 510 1548 tem
543 1485 668 1568 ineptus
699 1491 746 1546 est
776 1491 813 1547 ut
837 1485 939 1548 naim
961 1485 993 1549 δὲ
1018 1486 1052 1550 ἐκ
1076 1486 1220 1565 Τηλέφου
1241 1485 1364 1564 scribat,
1388 1510 1460 1552 cnm

333 1597 415 1662 nihil
449 1597 508 1661 nisi
544 1598 604 1661 tria
633 1588 784 1662 vocabula
814 1595 849 1661 ἴθ’
880 1595 943 1662 ὅποι
973 1597 1094 1679 χρῄζεις
1120 1599 1195 1662 inde
1226 1599 1365 1664 derivata
1395 1624 1460 1666 eme

333 1712 420 1775 sciat.
452 1708 574 1789 Voluit,
605 1711 724 1795 opinor,
758 1718 868 1775 auctor
900 1710 1010 1775 scholii
1042 1711 1075 1774 in
1109 1710 1312 1796 sequentibus
1335 1734 1460 1798 qnoque

334 1823 486 1888 nonnulle
519 1848 536 1887 e
566 1823 725 1906 tragoedia
755 1846 905 1902 manasse,
936 1832 969 1887 et
999 1825 1128 1890 fortasse
1161 1824 1284 1909 aliquid
1306 1826 1457 1891 eiusmodi

332 1936 412 2000 latet
434 1937 468 1999 in
492 1959 550 2000 sss.
575 1940 638 2000 925
664 1958 711 2021 sq.

511 2083 584 2151 ”Aa
608 2086 680 2163 ὤμοι
703 2088 812 2166 σοφίας
835 2088 902 2152 Aia
928 2088 1001 2165 ὤμοι
1025 2089 1137 2165 μανίας

511 2196 582 2264 'Aa
608 2195 642 2272 ἧς
664 2201 821 2278 ἐμνήσθης.
845 2201 911 2266 nia
937 2210 990 2276 τῆς
1014 2211 1069 2274 σῆς
1093 2203 1204 2272 πόλεώς
1231 2203 1267 2279 θ’,

611 2312 674 2387 ἥτις
697 2340 730 2379 σε
754 2315 862 2398 τρέφει.

378 2460 424 2525 ct.
455 2462 648 2547 colloquium
673 2466 912 2531 Andromachae
935 2475 968 2530 et
991 2464 1141 2531 Hecubae
1163 2466 1364 2533 Troiaeue
1390 2491 1457 2553 sqq.

333 2573 381 2638 De
415 2574 516 2640 verbis
546 2577 764 2663 Aristophanis
793 2585 877 2643 recta
907 2578 1083 2666 disputavit
1111 2579 1211 2660 Kook,
1247 2582 1300 2665 qui
1326 2581 1458 2645 coniecit

333 2688 364 2753 h.
389 2689 411 2752 l.
436 2689 603 2775 legendum
627 2702 729 2757 esse:⁸
1159 2701 1164 2709 ’

510 2836 582 2907 ”Aa
607 2849 659 2915 τῆς
680 2850 743 2916 σῆς.
770 2844 836 2907 Aia
861 2843 973 2916 πόλεως
995 2841 1058 2917 ἥτις
1082 2868 1116 2907 σε
1139 2843 1246 2925 τρέφει.

378 2990 543 3057 Praeterea
565 3015 626 3058 non
650 2992 836 3080 neglegendi
860 3003 936 3060 sunt
959 3018 1017 3060 vas.
1043 2998 1107 3060 920
1135 3016 1221 3079 sqq.:

612 3144 678 3208 Aia
702 3144 739 3208 σὺ
762 3143 793 3209 δέ
815 3145 847 3221 γ’
871 3139 903 3208 εὖ
925 3143 1065 3224 πράττεις

609 3258 702 3322 καίτοι
724 3256 854 3338 πρότερόν
877 3255 909 3334 9)
931 3259 1102 3337 ἐπτώχευες

611 3371 753 3451 Τήλεφος
775 3365 846 3434 εἶναι
870 3372 973 3443 Μυσὸς
995 3370 1132 3452 φάσκων,

333 3542 466 3605 qnorum
501 3521 577 3585 haec
610 3521 765 3585 sententia
795 3529 859 3585 est:
892 3519 967 3585 Non
998 3543 1121 3607 semper
1151 3522 1196 3584 ita
1224 3542 1351 3607 prosper
1373 3544 1439 3586 eras
1446 3548 1455 3600 ;

332 3644 425 3699 antea
460 3658 526 3699 eras
557 3657 683 3720 egenus,
715 3657 787 3699 cnm
817 3633 877 3698 sub
907 3633 1038 3720 Telephi
1069 3634 1197 3698 nomine
1219 3632 1370 3720 prodibas.
1395 3636 1457 3719 ng-

315 3744 426 3812 'nosco
457 3757 509 3826 se;
541 3750 621 3812 idem
654 3773 686 3813 es
718 3749 774 3833 qni
796 3755 889 3813 antea
913 3754 945 3811 te
968 3770 1072 3832 regem
1096 3747 1258 3833 Mysorum
1279 3771 1343 3812 esse
1367 3748 1456 3834 profi·

333 3861 458 3926 tebaris.

378 3975 450 4057 Qui*
467 3985 572 4041 autem
596 3977 631 4039 fit
654 3984 691 4040 ut
713 3976 823 4042 Iustus
846 3975 1020 4062 Telephum
1040 3975 1216 4040 redivivum
1235 3972 1293 4039 sibi
1312 3975 1456 4040 videatur

333 4089 464 4155 audire?
498 4090 541 4154 Ni
576 4091 665 4155 lallor
695 4091 769 4175 quia
798 4092 892 4154 etiarn
924 4089 1084 4176 Telephus
1108 4089 1223 4154 mullas
1246 4089 1454 4175 sophistarum
1483 4075 1492 4089 .

332 4203 471 4284 argutias
495 4203 668 4287 protulerat
690 4211 723 4268 et
745 4202 840 4268 huius
863 4210 896 4267 et
914 4207 965 4267 τοῦ
984 4203 1086 4267 ἀδίκου
1106 4202 1220 4287 placita
1239 4202 1372 4267 intense
1385 4225 1455 4267 con·

332 4313 510 4379 sentiebant
540 4315 587 4379 vel
616 4317 721 4401 potius
752 4317 927 4381 consentire
949 4314 1137 4379 videbantur
1160 4314 1374 4400 Aristophani,
1399 4315 1472 4399 qni'

332 4425 369 4490 in
390 4425 556 4491 iudicando
577 4452 669 4514 saepe
689 4431 731 4508 τῷ
751 4430 843 4509 ἀδίκῳ
866 4428 946 4510 ure
969 4428 1018 4494 uti
1037 4426 1152 4492 maluit
1170 4449 1264 4511 quam
1282 4431 1323 4490 τῶ
1342 4428 1451 4508 lamio.
1478 4498 1485 4508 ‚
