3592 5484
801 694 1036 761 scsaansnsss.
1055 720 1059 728 ·
1245 716 1248 723 ·
1445 699 1463 759 5

359 936 380 965 „
390 873 530 970 loquitur
561 882 641 963 Dic,
672 905 806 967 quarum
840 883 938 947 altera
962 890 1048 946 statu
1073 891 1175 947 erecto
1188 881 1368 960 haberetur,
1392 883 1490 947 altera

359 1001 421 1078 „in
444 1007 558 1063 trunco
581 997 728 1061 lanionia.
755 999 800 1061 At
824 1020 867 1060 vs.
894 999 968 1076 364,
995 999 1070 1075 365,
1095 1000 1170 1074 486,
1195 999 1269 1076 492,
1288 997 1489 1074 suadeant

359 1136 484 1192 „unam
508 1119 632 1199 tantum
657 1113 830 1176 orationem
850 1112 964 1176 habere
983 1111 1245 1197 Dicaeopolidem,
1262 1133 1397 1195 eumque
1416 1111 1488 1176 inde

329 1312 331 1316 Α
360 1250 405 1304 „a
435 1225 542 1312 primis
565 1224 664 1289 verbis
687 1233 773 1290 statu
799 1224 853 1289 illo
877 1247 956 1289 novo
981 1232 1013 1289 et
1037 1225 1179 1289 inaudito
1201 1225 1299 1310 loqui.
1324 1224 1409 1289 Haec
1432 1225 1489 1289 dil·

360 1338 512 1417 „ficultas
542 1361 610 1402 meo
641 1339 769 1423 quidem
800 1338 917 1403 iudicio
950 1339 1041 1402 facile
1072 1338 1143 1402 tolli
1168 1346 1279 1424 potest.
1304 1337 1379 1403 Loci
1403 1340 1487 1402 enim

360 1452 518 1530 „loudati,
541 1452 657 1536 quibus
680 1453 758 1516 adde
783 1475 825 1515 vs.
847 1454 923 1530 417,
944 1451 1086 1537 probant,
1107 1452 1401 1543 capitispericnlum
1414 1450 1484 1517 Dic.

362 1566 548 1644 „aditurum
581 1589 662 1645 esse3
694 1565 747 1629 sed
772 1567 898 1651 calago
922 1589 993 1630 enm
1018 1568 1188 1630 orationem
1211 1565 1390 1630 habiturum
1415 1590 1490 1648 esse,

363 1680 423 1757 ,,11.
447 1681 468 1743 1.
501 1702 563 1743 nnn
594 1679 719 1744 dicitnr.
745 1679 858 1764 Itaque
882 1689 961 1766 post.
976 1682 1048 1744 δικῶ
1073 1682 1265 1745 reticentiam
1290 1681 1488 1746 statuendam

363 1795 473 1872 „duco
503 1803 535 1857 et
557 1795 705 1880 suspicor,
731 1794 799 1858 Die.
824 1803 915 1878 gestu
940 1795 1045 1878 aliquo
1069 1795 1251 1876 significare,
1275 1794 1360 1878 qnod
1383 1804 1489 1880 aperte

362 1907 494 1984 „dicere
517 1906 660 1986 dubitat;
685 1907 797 1972 deiude
821 1909 987 1981 ιὶπιιιιδέτως
1012 1930 1123 1991 magna
1147 1908 1177 1972 vi
1200 1908 1304 1973 addit:
1326 1907 1395 1989 ὑπὲρ
1413 1906 1489 1984 ἐπιξ.

363 2035 455 2099 „ssa
490 2023 687 2107 Asyndetum
714 2029 882 2087 excusatur
905 2045 1017 2107 magna
1040 2023 1137 2085 animi
1162 2023 1376 2087 commotione.
1402 2021 1492 2102 Quae

365 2185 385 2214 „
395 2134 426 2199 11.
451 2135 472 2199 1.
498 2133 565 2198 Dic.
590 2135 711 2212 reticet,
736 2135 901 2221 profitetur
923 2133 1084 2199 Philocleo
1110 2134 1203 2221 Vesp.
1227 2136 1290 2198 523
1310 2134 1344 2209 ἣν
1362 2136 1420 2216 γὰρ
1439 2136 1490 2208 ›ir-

364 2298 384 2327 ,‚
392 2248 474 2323 τηθῶ
498 2249 592 2327 λέγων
610 2272 671 2322 σου,
690 2254 901 2329 περιπεσοῦμαι
920 2250 961 2328 τῷ
982 2246 1070 2329 ξίφει.
1086 2247 1154 2312 Nisi
1167 2248 1247 2313 sorte
1259 2249 1394 2334 praefers
1405 2250 1489 2316 leon·

366 2386 466 2442 „nam
488 2364 583 2427 unius
602 2363 650 2428 ν11
670 2363 810 2448 plurium
830 2385 977 2427 versuum
989 2362 1157 2426 statuere.”
1169 2362 1330 2428 Hactenus
1343 2363 1489 2429 Mueller.
1556 2368 1559 2376 '

366 2477 461 2541 Recte
492 2477 676 2542 monstrarit
706 2499 841 2560 quonam
875 2475 982 2540 morbo
1010 2484 1116 2540 textus
1140 2483 1283 2562 receptus
1306 2477 1435 2558 laboret,
1461 2484 1494 2542 et

365 2590 485 2675 aliquid
514 2612 587 2654 sane
613 2588 792 2675 proficimus
823 2590 848 2653 si
873 2611 945 2653 cum
970 2612 1006 2653 eo
1029 2589 1222 2675 aposiopesin
1244 2597 1314 2674 post
1336 2590 1409 2655 δοκῶ
1432 2597 1491 2654 sta·

366 2703 503 2781 tuimus;
532 2703 653 2767 fallitur
685 2709 800 2782 tamen,
833 2725 882 2766 me
906 2702 1018 2782 iudice,
1042 2703 1087 2766 ita
1110 2703 1213 2766 omnia
1236 2725 1310 2767 sans
1333 2704 1496 2768 111111111-

366 2819 490 2883 timans.
509 2817 639 2881 Etiamsi
660 2839 815 2903 ponamus
834 2816 955 2901 aliquid
973 2817 1134 2880 reticuisse
1152 2815 1404 2903 Dieaeopolidem
1422 2824 1494 2903 post

368 2930 440 2994 δοκῶ
472 2937 505 2993 et
534 2929 698 3003 ἆσυιδέτως
728 2929 827 3014 loqui,
858 2930 908 2993 ν11
931 2930 975 2993 sic
996 2938 1101 2993 tamen
1124 2951 1308 2994 sermonen
1332 2930 1495 2996 cohaerere

367 3017 502 3108 videtur.
537 3041 682 3123 Quonam
718 3045 801 3108 enim
835 3039 995 3124 uceticae
1018 3044 1067 3106 uti
1098 3044 1249 3128 potuisset
1278 3051 1316 3108 nt
1344 3045 1496 3110 continua

369 3159 513 3239 evaderet
535 3160 643 3239 oratio,
667 3181 732 3223 non
757 3158 857 3236 video,
882 3180 985 3242 neque
1009 3180 1145 3241 quonam
1164 3157 1232 3221 iure
1250 3159 1407 3244 scripserit
1427 3157 1493 3223 M.:

369 3296 434 3350 „ea
469 3272 536 3356 lege
570 3274 602 3356 (i.
629 3296 655 3337 e.
687 3272 796 3359 capitis
831 3272 1006 3357 periculum
1041 3272 1213 3356 aditurum)
1244 3270 1495 3357 Dicaeopolidem

370 3385 538 3450 orationem
570 3383 751 3450 habiturum
776 3408 840 3450 esse
864 3384 1015 3449 hocloco
1038 3407 1101 3449 non
1124 3383 1259 3448 dicitur''
1282 3386 1333 3448 cui
1355 3379 1496 3471 opinioni

369 3500 490 3564 etiamsi
513 3498 616 3563 omnia
639 3499 667 3562 ei
690 3481 906 3577 concedemus,
930 3506 1040 3583 poetae
1063 3496 1157 3561 rerba
1179 3504 1364 3583 repugnant.

413 3613 516 3676 Aliter
539 3635 588 3677 res
610 3636 642 3677 se
664 3610 776 3676 habere
795 3612 873 3676 mihi
892 3611 1027 3690 videtur,
1048 3617 1081 3674 et
1099 3611 1240 3695 quamvis
1257 3611 1399 3676 tenebras
1410 3634 1495 3698 pror·

369 3750 422 3792 sus
440 3726 605 3813 dispellere
623 3726 702 3791 mihi
721 3748 783 3791 non
796 3726 974 3810 contigerit,
987 3724 1177 3808 dicamquid
1190 3723 1335 3789 accidisse
1346 3727 1494 3811 suspicer.

415 3840 544 3926 Scripsit
574 3840 798 3926 Aristophanes
829 3861 962 3917 versum,
992 3840 1048 3923 qui
1078 3860 1163 3903 nnnc
1186 3845 1233 3902 est
1256 3840 1331 3918 318,
1354 3846 1426 3904 ante
1447 3862 1493 3903 ns.

372 3955 446 4032 317,
470 3961 503 4017 et
525 3953 665 4018 ordinem
688 3953 819 4017 invertit
840 3951 988 4017 librarius
1006 3951 1157 4038 deceptus
1176 3974 1249 4017 voce
1267 3952 1363 4030 λέγειν
1381 3953 1415 4016 in
1432 3952 1495 4018 fine

372 4089 517 4133 versuum
540 4069 604 4131 316
627 4075 660 4131 et
682 4071 757 4132 318.
783 4067 904 4132 Multos
923 4066 1076 4151 ejusmodi
1097 4089 1214 4132 errores
1233 4064 1295 4132 non
1315 4067 1348 4131 in
1367 4067 1494 4133 Graecis

355 4189 496 4259 tantum
527 4180 686 4246 codicibus
716 4181 769 4246 sed
792 4182 827 4245 in
849 4181 920 4246 aliis
943 4202 1069 4265 quoque
1091 4180 1224 4245 inveniri
1247 4181 1291 4244 ita
1314 4188 1434 4246 constat
1456 4189 1495 4246 nt

270 4282 274 4298 ¹
371 4294 511 4380 exempla
534 4294 642 4360 efferre
664 4317 930 4381 supervacaneum
953 4295 1004 4358 sit.
1030 4291 1145 4377 Itaque
1167 4292 1304 4378 legatur:

484 4411 559 4474 817.
584 4407 653 4489 ὑπὲρ
676 4405 811 4483 ἐπιξήνου
833 4407 953 4482 θελήσω
979 4393 983 4399 ’
999 4455 1229 4472 .....
1276 4408 1372 4488 λέγειν

485 4523 558 4586 818.
582 4521 638 4586 κᾶν
660 4546 697 4600 γε
720 4522 765 4601 μὴ
788 4521 867 4601 λέγω
889 4521 991 4586 elusa
1014 4518 1092 4598 μηδὲ
1114 4522 1155 4601 τῷ
1178 4521 1281 4596 πλήθει
1304 4523 1375 4587 leuci
1396 4557 1443 4571 —
