3592 5484
837 671 955 714 RANAE.

553 841 677 916 Κύδμον
700 846 832 917 πολῑπριι,
856 838 914 918 χρη
939 838 1036 916 λέγειν
1057 839 1097 901 τοὶ
1120 839 1214 918 κιοίριιι

553 954 630 1026 ὅστις
654 953 805 1034 φνλοὶοοει
829 956 943 1032 πριῖγος
966 955 995 1017 ἐν
1018 951 1133 1033 πρύμνη
1158 952 1267 1026 πόλεως

554 1065 641 1132 οἴοιηοο
664 1071 776 1143 νωμῶν.

375 1213 420 1274 At
431 1207 551 1294 puerile
561 1206 700 1292 profecto
713 1214 745 1269 et
757 1206 913 1270 insulsum
926 1205 1035 1269 luisset
1047 1205 1163 1272 talibus
1176 1207 1311 1292 prologis
1324 1206 1455 1281 ληκύύιον

330 1323 501 1407 adiungere
509 1349 518 1400 ;
544 1321 762 1413 fastidiumet
785 1319 925 1384 taedium
951 1328 1093 1399 creasset,
1118 1322 1301 1385 cachinnum
1328 1323 1456 1386 minime

332 1437 487 1501 movisset.
518 1435 592 1500 Non
624 1435 757 1519 ineptias
780 1434 917 1520 proferre
940 1433 1000 1498 sibi
1023 1436 1184 1520 proposuit
1206 1436 1259 1500 sed
1282 1436 1374 1501 rerha
1397 1445 1458 1500 tra·

331 1552 399 1637 gica
427 1551 460 1615 in
483 1549 646 1615 scurrilem
670 1549 857 1632 detorquere
881 1549 1081 1612 sententiam.
1106 1547 1170 1613 Cur
1194 1550 1275 1614 enim
1299 1573 1363 1615 non
1387 1552 1458 1615 teti·

332 1667 380 1751 git
409 1665 554 1750 prologos
584 1662 781 1749 Supplicem,
814 1662 954 1740 Medeae,
980 1662 1143 1748 Hippolyti
1169 1665 1217 1728 vel
1241 1665 1389 1730 Herculis
1411 1667 1426 1730 f
1448 1704 1458 1715 ·

332 1781 439 1859 rentis,
462 1779 546 1864 quod
569 1801 624 1864 per
648 1786 783 1842 metrum
806 1776 920 1841 licuit?
946 1776 1019 1842 Non
1044 1778 1136 1842 aliam
1160 1778 1199 1842 ob
1218 1802 1340 1844 causam
1363 1803 1455 1865 quam

333 1893 443 1979 quodsi
475 1893 557 1959 hisce
588 1894 621 1957 πὸ
643 1892 775 1966 ληκύύιον
798 1891 960 1972 affixisset,
981 1915 1044 1956 non
1069 1893 1200 1957 ridicula
1225 1896 1371 1959 evasisset
1393 1919 1458 1959 scn-

333 2010 431 2073 tcntia
455 2007 508 2072 sed
532 2029 659 2093 prorsus
678 2007 777 2071 nulla.
797 2006 870 2070 Non
888 2007 987 2091 igitur
1008 2014 1142 2071 metrum
1162 2009 1340 2093 carpsitscd
1355 2008 1457 2073 verba.

334 2121 416 2186 Vide
447 2128 483 2185 ut
512 2143 618 2185 omnes
649 2121 704 2205 qui
737 2120 788 2184 hie
819 2129 990 2185 occurrunt
1013 2119 1132 2204 prologi
1155 2121 1189 2184 in
1212 2143 1306 2185 unam
1331 2123 1459 2186 formam

334 2238 399 2303 sint
430 2236 556 2316 redacti,
587 2236 625 2299 ad
652 2258 749 2299 unum
774 2235 951 2320 exemplum
977 2236 1041 2298 sint
1065 2236 1235 2321 compositi.
1261 2236 1393 2301 Initium
1418 2237 1460 2301 fa-

334 2352 378 2414 cit
399 2372 512 2414 nomen
536 2350 670 2413 alicuius
693 2349 750 2413 riri
774 2356 831 2413 aut
856 2349 958 2412 herois
981 2356 1037 2412 aut
1061 2348 1120 2428 dci,
1142 2351 1232 2413 cuius
1251 2351 1368 2434 posteri
1386 2374 1460 2415 enu-

335 2472 513 2529 merantur:

467 2577 621 2642 Archelai.
645 2575 809 2655 Αἴγυπτος,
834 2578 872 2649 ὥς
895 2577 909 2640 ύ
933 2585 1072 2648 πλεῖστος
1097 2575 1239 2657 ἔπποορτιιι
1262 2577 1359 2655 λύγος.

468 2693 598 2779 Hypsip.
624 2692 770 2765 Διύννοος,
794 2691 825 2764 ὃς
839 2740 867 2755 ..
885 2740 913 2754 ..
940 2693 1022 2773 πηδᾷ
1045 2692 1178 2773 χορεύειν.

466 2806 583 2871 Phrixi.
609 2805 741 2871 Σιδώνιόν
766 2805 832 2870 ποτ’
855 2805 933 2869 derv
959 2804 1079 2884 {letters
1102 2806 1236 2870 ἐκλιπών.

466 2921 539 3008 lph.
563 2921 598 2984 T.
622 2921 726 3000 Πέλοψ
750 2921 763 2985 i
786 2919 971 2992 Τοοντύλειος
995 2921 1024 2991 ἐς
1050 2927 1148 2984 Πῑοιιν
1171 2920 1276 2997 μολύν.

468 3035 630 3120 Meleagri.
663 3034 767 3107 Οἰνεύς
798 3033 864 3099 ποτ’
895 3035 927 3098 ἐκ
952 3041 1096 3111 ris...
1123 3033 1192 3098 ύύιον
1214 3034 1371 3115 οὶπιορχύς.

468 3149 585 3214 Melan.
610 3148 691 3221 Ζεὺς,
716 3150 754 3220 ὡς
777 3147 915 3211 λέλοντιιι
938 3155 992 3221 τῆς
1015 3148 1154 3220 οὶληύειίις
1178 3145 1241 3212 ύπο.

380 3287 430 3352 Ad
449 3287 541 3351 aliam
560 3310 701 3351 normam
714 3293 913 3350 constructus
925 3293 972 3349 est
985 3307 1068 3349 unus
1081 3284 1290 3349 Stheneboeae
1303 3285 1460 3371 prologus,

558 3413 608 3477 οὐκ
631 3411 709 3476 ἔοι-ιν
732 3410 810 3483 ὅστις
835 3411 925 3475 πάντ’
949 3412 1020 3491 οὶνηρ
1044 3411 1212 3488 εύδοοιμονεῖ
1232 3411 1305 3483 κτὲ.,
1406 3408 1419 3421 “

334 3527 378 3592 ita
408 3534 513 3590 tamen
539 3533 575 3589 ut
602 3525 712 3612 (ἀνὴρ)
740 3525 884 3602 δνορονης
907 3524 943 3587 ὢν
967 3522 1143 3588 subiectum
1167 3547 1230 3589 csse
1253 3526 1350 3610 possit
1373 3525 1459 3589 verbi

332 3643 493 3707 ύπύλεπεν.
527 3641 716 3705 Scholiasta:
749 3639 911 3716 διιοβύλλει
942 3637 973 3703 t}
997 3639 1048 3711 την
1075 3639 1217 3716 ἑριοειδίνν
1241 3643 1297 3702 τῶν
1320 3639 1460 3716 εἰσβολῶν

334 3763 390 3822 τῶν
424 3757 592 3837 δριιμύπνν,
623 3778 717 3840 quam
750 3755 984 3819 annotationem
1017 3755 1121 3817 minus
1152 3760 1223 3839 apte
1248 3752 1460 3818 Stheneboeae

333 3873 461 3959 prologo
491 3871 654 3957 adscripsit
685 3893 728 3933 vs.
762 3872 858 3932 ltlt).
892 3868 938 3931 Cf.
972 3891 1028 3931 ran
1053 3866 1205 3931 Lecnsen
1230 3868 1318 3953 Speo.
1342 3867 1390 3931 lit.
1418 3868 1461 3931 iu.

334 3987 373 4052 de
396 3987 493 4051 Arist.
517 3984 678 4069 Euripidis
702 4006 839 4059 censore,
868 3983 963 4045 1876.
987 4003 1016 4066 p.
1044 3984 1084 4045 98
1105 4003 1170 4065 sqq.

336 4263 390 4328 Vs
418 4250 670 4324 1211-1213.
697 4256 844 4328 Διύννπος,
868 4253 897 4326 ὃς
923 4253 1042 4334 ύύροοιοι
1064 4290 1110 4301 -
1132 4252 1213 4334 πηδᾷ
1235 4250 1373 4332 χορεύων.

383 4376 484 4441 Schol.
509 4372 680 4453 ’Ὑψιπύλης
704 4373 720 4444 η
746 4371 836 4451 ἀρχή·
863 4367 915 4432 Fr.
944 4368 1017 4430 752.
1043 4365 1090 4431 (ll.
1113 4366 1151 4430 ad
1174 4364 1260 4431 Nub.
1282 4368 1354 4429 603.
1376 4364 1486 4461 Hyp'

334 4491 452 4578 sipylee
474 4490 508 4554 in
527 4489 585 4553 hac
606 4473 767 4572 tragoedia
790 4484 896 4549 iulans
918 4480 1072 4568 Opheltes
1090 4481 1271 4546 commissus
1283 4486 1352 4546 erat
1359 4508 1369 4562 3
1383 4502 1463 4564 quae
