3592 5484
356 635 397 696 58
832 657 961 702 vassia

332 831 386 899 Vs·
412 826 494 899 713.
518 834 571 900 καὶ
601 838 634 901 τὸ
664 833 752 918 ξίφος
782 839 814 902 οὐ
846 837 980 914 δύναμιν
1003 838 1144 918 κατέχεον
1166 838 1237 903 ἀλλ’
1261 837 1315 911 ἤδη
1340 841 1460 930 μολόν·

1306 952 1369 1036 [κός
1390 951 1459 1030 εἰμι.

376 1060 447 1124 Vid.
472 1062 521 1126 ad.
546 1060 617 1147 Lys.
645 1065 718 1127 155.

330 1286 385 1351 Vs.
411 1278 492 1351 729.
539 1290 620 1352 πιθοῦ
642 1291 724 1353 πιθοῦ
747 1293 868 1366 λόγοισι.
897 1289 971 1367 μηδ’
994 1288 1097 1371 ἄφρων
1119 1289 1200 1370 γένῃ,

375 1449 380 1457 -
483 1415 486 1419 ’
542 1384 749 1479 perforare
771 1403 853 1480 ἄγων
873 1402 1034 1484 οὶτεροὶμων
1058 1404 1087 1467 τ’
1110 1403 1190 1483 ἀνήρ.
1214 1404 1274 1468 xri.

377 1514 510 1580 Numeri
545 1540 602 1580 sss
641 1518 715 1596 730,
754 1519 828 1595 733,
867 1519 930 1583 735
964 1525 998 1582 et
1027 1518 1149 1583 antistr.
1184 1518 1256 1598 744,
1289 1521 1362 1600 747,
1395 1522 1459 1586 749

292 1648 298 1659 ·
336 1633 448 1716 tragici
483 1642 568 1697 sunt.
600 1632 627 1696 1.
663 1632 794 1698 Richter
823 1656 851 1698 a.
883 1633 914 1697 h.
944 1633 985 1698 l.:
1016 1635 1166 1720 „Aperte
1195 1641 1321 1719 propter
1347 1632 1458 1716 ἄφρων,

332 1746 448 1819 ἀτενὴς,
479 1747 634 1827 ἀτεράμων
665 1749 820 1834 tragicum
851 1748 988 1832 aliquem
1011 1748 1099 1833 tangi
1123 1743 1215 1813 credo
1238 1747 1286 1812 vel
1308 1747 1460 1835 ipsissima

329 1859 465 1925 alicuius
488 1860 580 1925 verba
602 1861 734 1948 repeti.’'
757 1865 802 1927 At
825 1863 858 1927 in
882 1860 1074 1927 carminibus
1097 1862 1227 1927 choricis
1245 1863 1368 1948 saepius
1384 1862 1460 1928 talia

329 1974 536 2038 inveniuntur
544 2002 553 2053 ;
577 1974 616 2038 de
637 1975 794 2056 ἀτεράμων
819 1977 881 2042 rid.
908 1976 988 2041 ach.
1015 1978 1089 2042 181.

334 2196 388 2262 Vs.
414 2191 495 2261 750.
620 2202 663 2277 μή
689 2225 739 2278 μον
761 2200 871 2265 τούτων
894 2201 988 2278 μηδὲν
1012 2201 1165 2280 ὑπισχνοῦ.

618 2316 716 2378 κείνων
740 2314 858 2394 ἓρωμοω,
882 2317 950 2379 κεῖθι
971 2308 1114 2392 ’γενοίμαν

617 2425 651 2490 ἵν’
675 2429 689 2492 ὁ
711 2425 802 2508 κῆρυξ
823 2429 903 2509 φησί
923 2429 983 2493 xri.

376 2539 478 2605 Schol.
496 2538 576 2605 Ven.
597 2542 633 2624 (si
657 2540 750 2606 modo
769 2540 925 2606 Dindorhi
944 2543 1179 2607 annotationem
1202 2526 1286 2606 recte
1298 2542 1468 2628 intellego)⁴

331 2654 428 2717 κείνων
460 2652 585 2734 ἔρωμνινε
621 2653 683 2728 Ἐξ
718 2655 898 2720 Ἱππολύτου
932 2657 1000 2736 Erip.
1038 2653 1148 2720 Valck.
1179 2656 1218 2720 ad
1247 2653 1345 2742 Hipp.
1375 2658 1478 2727 2302.

330 2768 448 2844 „Haec
480 2768 803 2855 (κείνων-γενοίμαν)
830 2790 986 2853 nusquam
1010 2769 1216 2833 inveniuntur
1238 2770 1271 2833 in
1296 2768 1459 2855 Hippolyti

330 2901 456 2964 „quam
479 2881 613 2967 legimus
636 2882 774 2948 editione
798 2892 937 2947 correcta
945 2911 954 2961 3
979 2883 1095 2947 similia
1117 2882 1268 2967 quaedam
1293 2884 1327 2947 in
1346 2883 1457 2948 Alcr.

327 3043 348 3072 „
360 2996 434 3072 866,
465 2994 520 3059 sed
543 2993 702 3061 Phaedrae
723 3005 905 3082 congruunt
928 3005 960 3061 et
983 2996 1042 3060 hoc
1066 2995 1099 3061 in
1123 2995 1190 3061 loco
1214 2995 1331 3082 primae
1353 2996 1456 3062 forsan

327 3106 502 3185 „editionis
523 3108 647 3174 fuerant
670 3111 788 3195 posita:
813 3111 909 3175 κείνων
933 3109 1051 3191 ἔρωμαι,
1072 3109 1078 3198 Ι
1098 3111 1169 3173 κεῖθι
1187 3110 1381 3188 γενοίμανὲν
1398 3118 1457 3184 σοῖς

327 3221 491 3300 „desarbote
511 3220 516 3311 Ι
536 3224 651 3297 πώλους
673 3223 800 3295 Ἐνέτοις
824 3220 1089 3302 samotra&

372 3332 491 3399 Verum
520 3359 583 3400 non
610 3335 772 3423 probabile
791 3344 840 3401 est
864 3336 1106 3421 Aristophanem
1131 3336 1264 3421 priorem
1288 3335 1455 3401 editionem

327 3450 436 3514 citasse
468 3472 538 3515 cum
570 3452 602 3516 in
625 3451 693 3516 eius
716 3452 784 3516 loco
808 3452 870 3515 iam
895 3450 952 3514 diu
975 3449 1179 3536 antefflipp.
1203 3449 1238 3514 Π
1263 3450 1315 3515 01.
1340 3453 1392 3532 87,
1417 3453 1456 3529 2;

330 3562 448 3649 Vespae
471 3564 522 3629 01.
548 3568 599 3644 89,
625 3568 656 3649 2)
682 3565 782 3631 altera
806 3567 1016 3642 successisset,
1042 3586 1124 3648 qnae
1147 3586 1253 3628 versus
1272 3586 1334 3628 non
1353 3564 1457 3628 minus

325 3679 470 3764 parodiae
492 3688 581 3766 aptos
604 3679 778 3766 praeberet.

371 3791 488 3858 Porson
519 3795 558 3858 de
592 3796 694 3881 priore
725 3793 902 3880 Hippolyto
934 3816 998 3858 non
1029 3791 1232 3878 cogitandum
1262 3814 1327 3855 esse
1350 3800 1456 3856 censet

325 3908 377 3971 sed
402 3930 460 3972 ves.
488 3910 551 3971 215
575 3931 641 3993 sqq.
666 3910 766 3973 nostri
786 3908 952 3994 Hippolyti
971 3906 1141 3992 legendum
1161 3928 1244 3969 esse:
1263 3906 1399 3983 τὲμτετὲ
1418 3907 1454 3984 μ’

324 4020 364 4092 εἰς
387 4021 457 4101 ἔρος·
480 4016 540 4099 εἶμι
563 4024 631 4102 πρὸς
653 4019 728 4086 ὅλοιν
749 4021 754 4110 Ι
773 4021 826 4086 xal
850 4021 933 4101 τωροὶ
955 4020 1079 4112 ardeae.
1102 4017 1107 4108 Ι
1127 4020 1223 4083 κείνων
1240 4017 1357 4099 ἔρωμαι,
1375 4018 1455 4085 κεῖθι

324 4136 474 4212 νενοίμοιν,
495 4133 501 4224 l
520 4133 567 4199 iva
590 4137 736 4216 θηροφόνον
759 4135 908 4214 στείβουσι
931 4135 1022 4207 κύνες.

369 4250 414 4312 At
443 4248 500 4312 tali
532 4250 722 4327 coniectura,
753 4272 804 4313 me
834 4248 963 4333 quidem
994 4246 1108 4327 iudice,
1140 4269 1202 4312 non
1227 4263 1306 4333 opus
1328 4253 1384 4311 est
1410 4244 1454 4309 Ut

323 4360 414 4433 πάθος
437 4364 614 4447 tragoediae
638 4364 670 4428 in
695 4364 875 4427 memoriam
895 4371 1054 4427 revocaret
1074 4370 1107 4426 et
1126 4359 1314 4426 sublimibus
1327 4360 1452 4424 humili·

325 4473 383 4539 bus
412 4479 632 4563 componendis
662 4478 850 4544 cachinnum
877 4483 1026 4555 moveret,
1050 4498 1115 4541 non
1138 4497 1263 4540 neeesse
1284 4483 1351 4538 erat
1369 4476 1455 4540 Aris·
