3592 5484
830 578 947 623 aunan.
1363 564 1426 626 148

371 745 460 810 Idem
492 748 555 811 fere
585 745 738 810 scholium
769 745 886 830 legitur
909 745 949 809 ad
973 748 1047 825 467,
1072 769 1175 834 neque
1200 747 1256 812 hoc
1280 748 1450 833 integrum.

329 858 409 941 Quis
433 861 515 923 enim
540 858 713 940 intellegit:
738 860 801 922 ἐκεῖ
818 859 875 938 γὰρ
896 865 1019 931 τοιοῦτος
1033 855 1065 932 ἦν
1078 860 1250 939 σπουδάζων
1262 861 1314 924 axi
1327 869 1452 927 τοιοῦτοι

328 974 409 1051 λέγει
443 975 511 1054 πρὸς
544 975 593 1037 τὸν
625 974 751 1039 Minoa?
782 973 855 1036 Sine
886 972 982 1037 dubio
1013 974 1114 1036 voluit
1145 974 1200 1060 qui
1231 974 1308 1037 haec
1331 976 1453 1061 scripsit

327 1093 452 1152 τοιοῦτον
485 1087 598 1165 λέγειό
623 1087 745 1161 Θησεύς.
772 1087 916 1172 Suspicor
939 1088 1108 1170 genuinam
1132 1088 1317 1173 scripturam
1341 1090 1453 1155 fuisse:

327 1203 391 1266 ἐκεῖ
410 1200 468 1282 yda
491 1196 633 1274 τοιοῦτος
657 1202 687 1285 (i.
709 1226 735 1264 e.
755 1201 902 1277 Theseus,
924 1202 1014 1265 euius
1027 1224 1137 1266 nornen
1151 1203 1411 1286 praecedentibus
1425 1205 1454 1267 ἕν

328 1316 368 1395 τῷ
393 1323 490 1389 Θησεῖ
508 1315 692 1392 πεποιημέναι
715 1315 806 1398 inest)
833 1310 895 1399 [ἦν]
919 1313 1090 1394 σπουδάζων
1116 1313 1198 1399 [axi]
1223 1322 1348 1380 racadu
1376 1319 1449 1389 κτὲ.,

330 1437 362 1493 et
392 1450 429 1492 ex
462 1428 519 1491 hoe
550 1428 667 1492 scholio
699 1427 844 1506 alterurn,
874 1428 957 1515 quod
988 1450 1073 1492 nunc
1101 1429 1139 1492 ad
1167 1451 1209 1492 vs.
1235 1431 1300 1492 476
1325 1430 1452 1514 legitur,

330 1550 359 1605 Τ
362 1541 408 1605 ola
441 1541 568 1618 Στυγός.
603 1541 664 1604 κτὲ.
700 1540 836 1604 fluxisse.
867 1539 961 1624 Legit
992 1541 1072 1604 eninr
1105 1543 1160 1629 qui
1191 1543 1278 1627 prius
1301 1543 1454 1609 scholium

330 1654 494 1740 descripsit
519 1657 582 1720 ἐκεῖ
601 1655 658 1735 γὰρ
682 1659 815 1731 τοιοῦτος,
841 1677 921 1739 quae
940 1678 979 1718 ne
1003 1656 1087 1719 omni
1110 1678 1203 1721 sensu
1227 1664 1378 1736 carerent,
1402 1653 1456 1723 alo:

331 1771 458 1834 ἕντοοῡθιο
489 1769 600 1850 πιοίζυν
623 1768 753 1834 addidit.
775 1767 890 1833 Ornuia
913 1769 944 1833 in
969 1769 1094 1834 scholiis
1119 1771 1246 1835 confusa
1270 1780 1302 1836 et
1325 1773 1457 1837 distorto

332 1906 397 1948 esse
421 1891 549 1969 apparot
573 1905 698 1971 quoque
721 1906 738 1946 e
763 1881 863 1947 verbis
887 1882 990 1947 Sclrol.
1011 1886 1073 1947 467
1096 1882 1234 1949 διστιὶσιοι
1255 1885 1285 1948 δὲ
1305 1884 1341 1949 ἄν
1353 1910 1397 1958 τις
1410 1886 1453 1963 μη

333 1998 383 2062 aa}
414 2003 515 2062 τοῦτου
539 2005 676 2074 μιμεῑτοιι
698 1994 925 2076 Ἀριστοφάνης.
951 1996 1111 2076 προείρητιιι
1135 1994 1177 2060 ἔτι
1201 1997 1292 2069 πολὺς
1315 1999 1344 2062 ἕν
1367 1998 1458 2078 τούτῳ

333 2113 373 2191 τῷ
397 2112 472 2189 γένει
494 2110 575 2176 ἐστὶν
598 2111 825 2190 ἈριστοΦιὶυης,
850 2132 929 2197 quac
952 2109 1057 2195 inepte
1078 2111 1153 2174 milri
1173 2110 1319 2176 videntur
1340 2112 1378 2176 ad
1393 2114 1455 2177 467

333 2233 390 2290 aut
421 2230 484 2288 465
516 2225 680 2310 adscripta,
712 2247 781 2288 curn
811 2226 843 2287 in
875 2224 1133 2308 praecedentibus
1157 2225 1246 2288 nulla
1269 2226 1453 2290 imitationis

335 2339 454 2403 ment—io
477 2340 557 2402 lacta
582 2340 634 2416 sit,
658 2344 782 2422 etpost
807 2340 870 2401 470
895 2336 1020 2401 demum
1045 2361 1137 2401 snum
1162 2337 1280 2402 habent
1303 2339 1417 2405 locum.

381 2451 462 2515 Cum
492 2453 591 2537 igitur
622 2474 711 2516 omno
740 2453 902 2515 evanuerit
931 2451 1075 2536 parodiao
1104 2452 1256 2517 indicium
1291 2477 1350 2518 vss.
1383 2459 1458 2536 465,

335 2568 411 2645 467,
446 2565 669 2653 inquirendum
705 2572 751 2629 est
778 2566 810 2628 in
838 2572 1013 2653 sequentes,
1045 2566 1101 2653 qui
1120 2565 1238 2630 Theseo
1262 2567 1460 2649 tribuuntur,

335 2703 394 2743 uss.
417 2681 605 2745 atu-475.

337 2970 391 3034 Vs.
416 2961 621 3033 470-475.
651 2968 713 3032 raia
736 2967 852 3044 Στυγός
877 2992 909 3031 σε
932 2967 1158 3048 μελοονοκοὶρδιος
1182 2967 1277 3049 πέτροο

652 3082 837 3163 Ἀχορέντιές
860 3106 894 3145 τε
915 3083 1057 3153 σκόπελος
1080 3082 1311 3160 οιὶμιιτσστοογης

651 3200 810 3276 Φρουροῦσι,
836 3201 971 3259 Κωκυτοῦ
997 3219 1029 3259 τε
1051 3195 1213 3275 περίδρομοι
1237 3195 1329 3267 κύνες,

650 3305 783 3387 ”Exibunt
807 3310 829 3371 θ’
859 3307 1113 3389 ἔκιοτογκέφοολος,
1133 3305 1149 3380 ἣ
1170 3307 1210 3371 τὰ
1228 3306 1401 3387 σπλάγχνον
1413 3333 1464 3373 σου

651 3418 853 3501 διωσπιοροὶξει,
877 3421 1048 3498 πλευμόνων
1071 3422 1098 3484 τ’
1122 3421 1289 3500 dandami

652 3535 826 3616 Τιιρτησσίοι
850 3534 986 3612 μύριοινιι.

385 3700 416 3764 Si
440 3698 624 3764 scholiastes
647 3698 802 3776 audimus,
827 3697 902 3761 haec
925 3697 1087 3782 Euripidis
1112 3696 1204 3761 verba
1225 3721 1241 3761 e
1259 3696 1378 3762 Theseo
1399 3697 1466 3763 dra·

341 3823 424 3878 mate
446 3815 595 3877 referunt.
621 3811 739 3876 Extant
762 3811 879 3875 scholia
902 3833 982 3896 quae
1004 3810 1060 3874 hoc
1080 3819 1237 3874 testantur
1257 3810 1296 3873 ad
1317 3835 1374 3875 vss.
1389 3815 1464 3892 470,

341 3931 417 4007 473,
450 3931 525 4008 475,
557 3928 620 4005 sed,
646 3935 683 3990 ut
707 3927 766 3989 iam
791 3926 895 3988 statim
921 3925 1005 4012 quod
1030 3926 1161 3988 sontium
1186 3924 1297 4006 dicam,
1321 3928 1390 3990 Ιιιιίσ
1413 3935 1467 3991 tea·

342 4041 462 4103 timonio
478 4064 574 4121 parea
590 4043 670 4125 fides
692 4040 822 4102 taberolo
847 4047 890 4101 est
912 4061 1011 4122 neque,
1033 4060 1075 4100 νιο
1096 4039 1200 4116 iudice,
1221 4063 1277 4102 raa.
1291 4041 1466 4104 eto-475

340 4178 406 4218 cum
439 4156 573 4216 dramate
611 4154 713 4217 Theseo
744 4152 864 4236 aliquid
890 4174 1034 4214 roramune
1063 4152 1183 4215 tabent.
1218 4151 1313 4231 Quod
1338 4151 1466 4238 probare

343 4266 488 4332 conabor.

388 4383 417 4445 1.
443 4380 492 4445 Ad
514 4381 578 4444 470
598 4379 767 4466 portinent,
787 4386 823 4443 ut
843 4377 982 4466 exposui,
1003 4377 1107 4443 Sclrol.
1130 4379 1196 4442 467
1212 4381 1466 4460 πνριιπλησιοο-
