3592 5484
830 627 955 673 arsere.
1386 611 1425 674 67

326 821 445 866 novum
457 797 581 864 schema
592 799 762 878 invenerat,
776 799 807 863 τὸ
820 797 983 878 Φρυνίχειον
996 819 1038 862 vs.
1051 799 1136 861 1524
1147 797 1351 884 appellatum,
1365 798 1448 882 quod

330 914 479 979 saltantes
497 913 610 978 calcem
631 921 714 978 retro
734 912 899 978 movebant
919 921 950 976 et
969 911 1164 977 attollebant.
1177 911 1310 997 (Hosyeh
1323 940 1328 977 :
1342 916 1450 978 ἕκλσικ·

330 1031 446 1107 τισμὸς·
477 1037 589 1108 σχῆμα
623 1032 736 1109 χσρσκὸν
767 1028 912 1109 ὀρχήσεως
943 1029 1083 1094 adurerer.
1115 1026 1160 1092 Cf.
1186 1027 1265 1093 Poll.
1291 1027 1339 1091 IV
1366 1032 1450 1113 102.)

329 1140 398 1207 Hoc
421 1141 515 1208 saltat
537 1166 626 1208 senex
650 1141 842 1220 Plriloeleon,
866 1142 1020 1226 simulque
1044 1150 1164 1207 motum
1188 1142 1364 1208 describens
1388 1144 1445 1208 sal-

330 1267 461 1324 tatorem
494 1258 723 1345 Plrrynieheum
754 1259 836 1345 gallo
868 1258 1036 1344 gallinaceo
1067 1268 1234 1345 comparat.
1259 1259 1344 1324 Galli
1368 1262 1449 1325 enim

331 1382 364 1440 et
383 1374 522 1460 ‘gallinae
545 1399 634 1461 saepe
659 1376 769 1462 pedem
792 1383 875 1440 retro
900 1383 1021 1440 movent
1044 1375 1175 1440 humum
1199 1374 1389 1454 effodientes,
1415 1385 1452 1441 nt

332 1513 451 1554 vermes
481 1500 633 1574 quaerant
664 1491 711 1555 vel
743 1492 843 1557 solum
876 1498 1032 1556 excavent.
1056 1490 1169 1575 Itaque
1192 1489 1387 1577 Phrynichus
1409 1491 1453 1556 di·

332 1606 415 1669 eitur
440 1603 477 1678 ὥς
506 1630 551 1679 τις
580 1607 710 1688 ἀλέκτωρ
742 1613 871 1689 (eomrna
895 1605 1046 1691 deleatur)
1070 1606 1172 1679 σκέ1σς
1195 1606 1318 1688 atatam
1342 1609 1450 1694 (ipsam

332 1720 529 1785 saltationem
563 1744 632 1786 eum
663 1722 739 1807 galli
770 1731 857 1787 motu
888 1721 1032 1787 consulto
1055 1721 1229 1806 confundit)
1252 1722 1452 1803 ἐκλσικτιζσινς

334 1858 469 1920 eumque
493 1835 607 1901 ealeem
632 1837 789 1902 attollenti
815 1859 935 1901 neeesse
958 1838 1000 1902 sit
1022 1859 1133 1924 eorpus
1156 1836 1286 1902 inclinet
1311 1847 1342 1901 et
1361 1845 1456 1924 caput

333 1949 529 2036 aliquantum
556 1950 712 2031 demittat,
736 1955 774 2017 Α.
796 1952 884 2017 addit
908 1955 1041 2026 πτήσσει,
1061 1951 1146 2037 quod
1164 1952 1203 2016 de
1222 1953 1270 2016 avi
1284 1975 1355 2037 prae
1368 1959 1454 2016 metu

335 2091 366 2131 se
391 2066 577 2132 demittente
601 2069 719 2133 dieitur
743 2075 774 2133 et
798 2068 848 2132 hie
872 2075 998 2154 propter
1022 2065 1059 2130 t:
1081 2092 1125 2139 τις
1148 2066 1277 2148 ἀλέκτωρ
1295 2069 1455 2154 noniuep·

334 2191 402 2246 tum
428 2190 484 2246 est.
509 2183 580 2248 Non
606 2191 708 2248 tamen
735 2206 856 2248 omnem
881 2183 936 2247 hae
956 2181 1455 2270 interpretationedubitationem

333 2295 486 2362 sublatam
512 2322 576 2363 esse
601 2299 749 2376 eonced03
773 2322 821 2363 res
847 2299 943 2381 magis
967 2298 1127 2384 perspicua
1151 2298 1231 2362 foret
1254 2297 1278 2361 si
1301 2304 1457 2361 constaret

334 2435 485 2496 quaenam
506 2412 556 2477 hie
575 2414 717 2478 imitetur
736 2417 789 2478 Ar.
803 2413 895 2477 verba
907 2414 1034 2498 tragica.
1049 2411 1096 2475 De
1109 2411 1241 2495 singulis
1255 2411 1350 2476 huius
1363 2412 1458 2476 ranti-

334 2526 421 2592 lenae
442 2527 580 2592 versibus
599 2550 697 2614 pauca
718 2537 841 2593 tanturn
860 2527 1011 2592 monenda
1024 2535 1180 2592 suntcum
1192 2534 1317 2591 taceant
1329 2527 1454 2591 scholia.

383 2645 477 2706 1189..
502 2644 557 2716 Τίς
579 2682 623 2692 -
645 2643 752 2708 deicere.
779 2643 825 2707 Cf.
853 2643 942 2707 llom.
967 2642 1026 2706 Od.
1052 2640 1167 2706 XVIII
1188 2644 1269 2720 2393
1290 2642 1365 2706 Eur.
1381 2642 1452 2707 Hel.

335 2759 411 2835 438,
436 2755 513 2821 llee.
539 2760 591 2821 36.

382 2875 477 2937 1481.
503 2871 549 2937 Cf.
575 2875 671 2961 Hipp.
698 2876 771 2952 808,
797 2873 867 2939 Hel.
896 2876 989 2938 1180.

383 2989 478 3051 1489.
503 2986 549 3050 Cf.
573 2987 650 3052 Eur.
676 2989 784 3075 Suppl.
812 2989 869 3065 tm
895 2991 948 3052 Ar.
973 2986 1095 3051 Thesm.
1121 2989 1194 3051 328.

382 3103 476 3165 1492.
501 3100 548 3167 cf.
568 3101 644 3168 Eur.
666 3102 777 3169 Troad.
798 3104 871 3180 325,
892 3102 941 3167 El.
964 3106 1025 3167 860
1036 3130 1044 3179 ;
1066 3105 1119 3166 Ar.
1133 3099 1226 3188 Vesp.
1243 3103 1326 3166 1530
1343 3099 1453 3186 (Codd.

335 3215 467 3298 σύρσὶνισν.
492 3215 588 3282 Mein.
614 3216 713 3283 Vind.
733 3242 763 3305 p.
788 3220 840 3297 37,
867 3242 907 3281 vs.
934 3219 1037 3281 1492:
1061 3217 1193 3297 οὐρανίαν
1215 3239 1252 3281 ex
1276 3216 1455 3302 Hesyelrio).

381 3329 500 3396 Nullus
521 3340 626 3398 tamen
650 3335 807 3398 invenitur
831 3332 918 3397 loeus
940 3332 1032 3396 euius
1057 3330 1183 3417 parodia
1205 3332 1359 3396 earrtiounr
1385 3331 1454 3395 Phi·

336 3446 485 3511 loeleonis
507 3448 568 3512 diei
596 3455 705 3535 potest.

337 3688 390 3752 Vs,
418 3679 522 3750 1518.
547 3686 599 3765 ἄγ’
625 3682 645 3750 ὦ
670 3687 876 3765 μεγσλώνυμκ
902 3686 989 3752 τὲκσκ
1013 3726 1056 3734 -
1083 3687 1166 3751 1528
1189 3684 1405 3763 κυκλσσσβεῖτε.

380 3803 422 3867 Et
453 3803 573 3867 numeri
607 3810 637 3865 et
660 3801 751 3865 verba
776 3803 932 3887 perediam
958 3801 1106 3867 indicant.
1133 3800 1211 3865 Cum
1234 3801 1311 3866 τέκν.
1337 3825 1363 3865 τ.
1389 3803 1453 3866 dx).

336 3922 380 4004 (in
410 3917 478 3983 eod.
507 3919 676 3989 ὀκλσσσίσυ,
702 3917 803 4002 Bergk
828 3919 986 3982 tamorice
1013 3920 1085 4000 irai)
1110 3917 1148 3982 ef.
1173 3916 1250 3980 Itan.
1277 3919 1340 3979 Sto
1366 3922 1399 3978 et
1419 3915 1455 3979 1.

337 4033 479 4097 Platonis
511 4033 618 4095 corniei
641 4033 673 4095 in
699 4030 800 4095 Selrol.
827 4032 880 4095 Ar.
907 4031 978 4095 Pae.
1009 4033 1082 4110 792,
1104 4030 1200 4094 Mein.
1225 4029 1260 4092 ll
1283 4052 1314 4116 p.
1341 4030 1457 4093 oolzt

337 4149 476 4230 Καρκίνου
499 4155 573 4220 ταῖς
595 4153 646 4212 τσῦ
670 4147 828 4212 deterrito
852 4149 946 4229 (daei).
971 4145 1045 4211 Cob.
1072 4144 1152 4211 Nor.
1177 4144 1213 4208 L.
1235 4167 1266 4231 p.
1290 4147 1340 4208 ll.
1355 4143 1458 4208 Simili

335 4264 428 4329 modo
458 4261 634 4327 emendavit
661 4285 688 4325 v.
721 4260 822 4325 Hera.
855 4262 1062 4345 fragmentum
1087 4258 1302 4345 Campylionis
1325 4257 1456 4336 Eubuli,

335 4377 435 4442 Mein.
466 4375 519 4441 Ill
550 4398 580 4462 p.
613 4378 687 4440 225.
718 4377 771 4449 τήν
799 4376 825 4439 τ’
853 4376 1032 4455 adaptatam-a
1056 4374 1176 4439 >arax
1211 4379 1262 4438 τσῦ
1294 4373 1451 4438 daaxrriau

336 4491 397 4556 κτὲ.
422 4489 515 4556 daal.
540 4488 617 4556 Crit.
641 4512 671 4578 p.
697 4491 750 4554 30.
