3592 5484
1386 683 1449 748 171

353 865 497 946 πτάμενος
527 866 647 947 εἰναλίῳ.
680 864 751 951 Iph.
784 865 878 930 Taur.
913 859 998 930 1120
1023 865 1214 945 μεταβάλλει
1237 870 1299 943 acri,
1322 870 1407 954 quod
1432 878 1477 936 ta·

353 1004 426 1046 1000
447 979 575 1046 verbum
598 987 631 1045 01
652 981 808 1046 000100110
831 988 864 1045 01
886 981 1031 1066 strophae
1053 983 1175 1046 numeri
1201 991 1365 1069 respuunt.

397 1095 541 1160 Fortasse
570 1094 601 1158 in
630 1095 701 1159 aliis
731 1096 879 1160 dramatis
910 1096 1038 1181 saepius
1068 1097 1208 1181 peccavit
1236 1096 1419 1184 Euripides3
1443 1101 1476 1165 10

353 1205 572 1294 superstitibus
594 1216 642 1273 ter
664 1215 800 1273 tantum.

398 1320 516 1407 Lepide
549 1321 749 1418 coniecerunt
778 1321 879 1388 Bothe
912 1330 944 1388 et
973 1323 1117 1388 Fritsche
1138 1323 1230 1388 illum
1254 1326 1309 1410 qui
1332 1327 1478 1412 Aeschyli

354 1442 459 1521 partes
480 1434 600 1520 agebat,
624 1436 673 1500 his
695 1435 796 1501 verbis
819 1437 954 1523 puellae,
981 1436 1092 1502 Musae
1118 1437 1290 1525 Euripidis,
1316 1442 1479 1528 amplexus

354 1548 546 1636 expetivisse.
1209 1552 1212 1556 ’

354 1773 408 1838 Vs.
435 1765 539 1838 1327.
640 1773 698 1837 οὶνοὶ
721 1775 753 1838 τὸ
777 1774 1031 1855 δωδεκαμήχανον

643 1889 770 1969 Κυρήνης
794 1893 963 1966 μελοποιῶν.

399 2000 501 2066 801101.
525 1999 587 2065 ἔστι
610 2002 641 2066 δὲ
663 2003 745 2081 παρὰ
766 2002 806 2066 τοὶ
829 1999 862 2076 ἐξ
883 2002 1056 2082 ’Ὑψιπύλης
1075 2007 1141 2087 Εὐρ.
1156 2055 1176 2084 ‚‚
1186 2007 1246 2069 οένοὶ
1257 2008 1289 2071 τὸ
1303 2007 1476 2085 δωδεκαμή·

354 2140 446 2197 χανον
480 2114 602 2196 ἄοπρον”
634 2118 716 2200 (cum
740 2115 843 2180 Schol.
868 2114 927 2194 V.;
952 2117 1014 2181 0110
1035 2141 1196 2204 perperam
1221 2118 1335 2201 ἄντρον.
1359 2121 1477 2187 Eadem

356 2228 448 2295 verba
479 2236 656 2316 permutata
685 2237 759 2294 0001
786 2230 823 2294 fr.
849 2230 943 2317 Soph.
972 2234 1033 2296 571
1060 2232 1112 2317 D.)
1137 2235 1158 2297 i.
1183 2259 1210 2299 0.
1234 2285 1255 2314 ,,
1265 2235 1321 2314 sol,
1344 2237 1398 2319 qui
1423 2259 1478 2322 per

356 2344 552 2425 „duodecim
576 2343 696 2409 Zodiaci
720 2345 808 2428 signa
830 2345 972 2409 transit.”
995 2345 1046 2411 Fr.
1074 2343 1159 2411 Vitio
1185 2350 1281 2412 vertit
1303 2349 1478 2432 Aeschylus

356 2458 502 2545 Euripidi
528 2459 595 2523 eius
618 2458 725 2543 poesin
748 2480 811 2522 non
830 2458 869 2522 ad
894 2466 1009 2523 certam
1033 2458 1149 2544 pedum
1174 2462 1387 2526 necessitatem
1413 2462 1478 2526 alli-

357 2580 461 2658 gatam
485 2595 550 2637 esse
573 2594 708 2656 eumque
730 2573 822 2636 variis
846 2572 946 2636 modis
966 2574 1049 2637 sicut
1072 2573 1181 2638 lubeat
1204 2596 1349 2639 numeros
1368 2575 1478 2640 immu-
1596 2637 1599 2642 .

355 2695 431 2751 tare.
464 2684 511 2762 Cl.
545 2683 697 2750 Gaisford.
726 2685 765 2749 ad
796 2682 1062 2771 Hephaestionem
1093 2709 1118 2751 c.
1151 2685 1229 2751 XVI
1259 2687 1297 2752 de
1319 2687 1475 2773 polysohe·
1568 2699 1569 2702 ’

353 2799 496 2863 metistis.

399 2911 473 2976 Nou
497 2919 611 2989 tamen,
636 2912 753 2996 opinor,
777 2933 923 2975 numeros
945 2918 1072 2976 tantum
1093 2919 1130 2976 ut
1148 2913 1396 2998 reprehenderet,
1409 2936 1478 2980 000-

354 3035 460 3091 touem
483 3049 543 3091 000.
569 3027 786 3090 1309-1322
810 3024 985 3111 composuit
1007 3028 1074 3104 Ar„
1095 3025 1148 3090 sed
1168 3034 1206 3090 ut
1224 3027 1365 3092 studium
1384 3028 1477 3094 simul

354 3138 516 3225 Euripidis
544 3145 667 3203 notaret
697 3138 870 3203 carminum
901 3138 1111 3202 ornandorum
1135 3138 1319 3224 multigenis
1341 3139 1478 3205 flosculis

355 3230 516 3337 001010
538 3251 630 3337 plane
652 3251 752 3316 aliena
775 3258 861 3315 sunt.
887 3250 919 3314 Si
945 3251 1096 3337 exemplis
1119 3274 1197 3336 opus
1219 3258 1276 3330 001,
1303 3253 1373 3317 vide
1396 3275 1425 3316 r.
1450 3276 1475 3317 c.

355 3365 452 3451 Hipp.
487 3368 547 3429 121
581 3388 647 3450 sqq.
671 3364 865 3430 Narraturus
888 3363 1063 3429 Phaedram
1086 3365 1173 3449 gravi
1197 3363 1337 3429 laborare
1360 3364 1476 3445 morbo,

354 3480 468 3545 chorus
497 3487 568 3566 post
598 3479 727 3564 longum
750 3479 875 3543 demum
900 3479 1070 3543 circuitum
1092 3501 1147 3563 per
1171 3459 1319 3542 Ὠκεανοῦ
1344 3476 1414 3560 ὕδωρ
1438 3503 1474 3544 00

355 3616 417 3679 000
447 3594 504 3658 sibi
534 3595 696 3680 proposuit
718 3595 870 3679 pervenit,
897 3593 1043 3677 idemque
1067 3615 1126 3657 000.
1154 3593 1306 3676 733000.
1332 3592 1478 3678 praedo

353 3708 418 3772 lore
443 3714 525 3772 terra
546 3706 702 3772 discedere
725 3707 864 3792 0001000,
885 3707 968 3771 00110
987 3705 1201 3792 geographicis
1221 3706 1375 3789 querelam
1389 3728 1477 3770 suam

354 3819 503 3884 illustrat.

352 4043 407 4109 Vs·
435 4035 525 4106 1331
551 4064 616 4126 sqq.
641 4040 691 4106 Ὦ
714 4043 832 4114 Νυκτὸς
855 4042 1058 4122 κελαινοφαὴς

641 4155 744 4240 ὄρφνα,
767 4155 833 4220 τίνα
856 4178 907 4233 μοι

641 4268 780 4333 δύστανον
803 4268 903 4350 ὄνειρον

640 4381 769 4459 πέμπεις
791 4380 825 4457 ἐξ
846 4382 993 4463 ἀφανοῦς,
1019 4383 1080 4446 κΐὲ·

398 4495 484 4578 Quid
506 4496 538 4561 10
562 4496 618 4561 hac
640 4495 783 4560 monodia
807 4495 857 4578 (de
881 4517 944 4579 qua
965 4494 1037 4558 ride
1060 4494 1159 4559 Koch.
1182 4516 1210 4558 a.
1235 4493 1267 4557 11.
1291 4493 1324 4577 l.)
1348 4493 1474 4580 Euripi·
