3592 5484
360 651 422 713 loo
857 667 976 713 mnan.

336 856 408 898 cum
437 854 550 917 aquam
577 834 731 899 haustnra
752 834 891 913 abiisset,
917 834 1077 920 Ophelten
1102 835 1195 899 draco
1218 857 1321 900 morsu
1345 837 1469 902 interle-

334 949 387 1011 cit.
411 946 566 1038 Iuncuius
589 949 736 1014 honorem
761 950 917 1015 Adrastus
940 948 1062 1013 Nemea
1085 949 1236 1013 instituit.

379 1061 539 1128 Postrema
563 1065 645 1146 πηδᾷ
668 1064 793 1145 χορεύειν
816 1063 937 1128 Eubuli
962 1065 1068 1128 animo
1091 1063 1251 1129 obversata
1272 1087 1337 1130 esse
1357 1064 1466 1130 viden·

335 1184 389 1241 tur
423 1200 495 1241 cum
526 1181 705 1243 memoriter
736 1180 849 1243 citaret
881 1177 987 1243 Orest.
1019 1181 1062 1241 45
1094 1179 1177 1260 πηδᾷ
1200 1180 1347 1258 δρομαῖος,
1371 1184 1469 1254 πῶλος

336 1289 373 1363 ὣς
395 1292 456 1356 cirri
478 1291 578 1372 ζυγοῦ.
606 1292 672 1375 (ubi
697 1317 756 1359 van
778 1293 970 1359 Herwerdcn
991 1294 1046 1359 ὑπὸ
1067 1316 1105 1358 ex
1124 1292 1263 1378 Eubulo)
1285 1294 1466 1360 Haecenim

335 1406 469 1491 scripsit,
494 1405 590 1471 Mein.
615 1406 669 1471 ΠΙ
691 1431 721 1494 p.
748 1411 830 1472 242:
1342 1387 1343 1391 ¹

557 1522 630 1598 ὁμοῦ
652 1522 684 1587 δὲ
705 1521 802 1594 τευθὶς
825 1522 879 1587 καὶ
903 1522 1054 1603 Φοιλιιρικὶι
1077 1522 1143 1603 κόρη

558 1636 779 1716 σπλάγχνοισιν
802 1636 933 1716 ἀρνείοισι
956 1636 1196 1715 συμμεμιγμένη

558 1750 640 1831 πηδᾷ
663 1750 784 1830 χορεύει,
809 1755 908 1823 γένος
932 1749 970 1823 ὣς
993 1750 1049 1815 ὑπὸ
1072 1749 1174 1830 ζυγοῦ.

379 1861 492 1928 Jacobs
512 1865 572 1928 cirri
595 1886 652 1948 pro
676 1864 740 1929 r‘rro'.

337 2088 392 2154 Vs.
419 2082 523 2152 1214.
558 2089 633 2167 οἴμοι
656 2092 847 2169 πεπλήγμεθ’
871 2086 954 2164 αὖθις
978 2091 1110 2164 ὑπὸτῆς
1133 2091 1265 2164 multoe.

381 2202 474 2267 Ribb.
505 2204 585 2268 Ach.
619 2205 702 2268 Anh.
733 2228 764 2290 p.
797 2207 860 2267 271
886 2205 1046 2290 perediam
1071 2228 1137 2269 csse
1160 2207 1339 2291 suspicatur
1361 2229 1466 2272 versus

337 2317 449 2382 Aesch.
486 2320 597 2403 Agam.
638 2321 723 2381 1345
753 2320 826 2396 ὤμοι
858 2319 935 2396 μέλ’
967 2313 1059 2391 αὖθις,
1084 2319 1219 2399 δευτέρον
1242 2320 1463 2399 πεσονιγμένος.

336 2429 415 2495 Cum
439 2454 509 2497 sero
532 2455 635 2517 neque
657 2431 750 2497 rerba
773 2455 876 2517 neque
896 2439 1033 2496 metrum
1054 2433 1233 2518 tragoediae
1250 2435 1374 2520 propria
1390 2435 1464 2513 sint,

336 2570 438 2632 neque
469 2548 641 2634 Aeschylus
670 2548 745 2613 haec
776 2549 915 2635 proferat
937 2549 992 2613 sed
1016 2546 1186 2634 Dionysus,
1210 2548 1339 2613 fortuita
1363 2550 1465 2614 existi·

336 2663 449 2727 manda
473 2670 521 2728 est
542 2664 615 2727 talis
638 2661 803 2728 verborum
826 2662 1013 2728 similitudo.

335 2888 389 2954 Vs.
416 2882 520 2953 1217.
556 2891 608 2954 οὐκ
631 2887 708 2953 ἔστιν
731 2887 811 2961 ὅστις
834 2887 925 2952 πάντ’
948 2886 1019 2968 ἀνὴρ
1042 2888 1214 2964 atterum?
1234 2887 1294 2952 κτὲ.

380 3003 484 3068 Schol.
513 3002 688 3080 Σθενεβοίας
712 3003 743 3067 δὲ
766 3001 783 3075 ἦ
807 3002 898 3082 ἀρχά.
924 3001 1040 3065 Badera
1066 3001 1223 3064 sententia
1244 3001 1399 3086 reperitur
1422 3001 1461 3065 lr.

335 3117 512 3202 Belleroph.
539 3119 613 3182 287.
637 3115 798 3202 Euripidis
822 3138 946 3179 versum
969 3116 1071 3179 citant
1089 3114 1298 3193 Nicostratus,
1320 3112 1380 3177 fab.
1402 3115 1462 3179 inc.

335 3231 433 3296 Mein.
465 3231 518 3295 Ill
550 3254 580 3317 p.
614 3233 676 3294 288
706 3238 738 3294 ct
761 3229 960 3316 Philippides
984 3230 1017 3292 in
1040 3227 1267 3314 Philadelphis‚
1293 3227 1390 3293 Mein.
1415 3225 1464 3292 IV

334 3369 365 3432 p.
379 3347 455 3409 472.
468 3344 515 3409 De
527 3353 713 3430 argumento
725 3343 874 3408 dramatis
887 3342 948 3407 vid.
962 3342 1065 3407 Schol.
1080 3342 1175 3427 Greg.
1188 3340 1258 3405 Gor.
1272 3364 1321 3427 ap.
1331 3342 1373 3405 N.
1383 3349 1413 3406 et
1423 3340 1462 3404 D.

333 3568 387 3634 Vs.
415 3565 518 3634 1225.
554 3570 686 3635 Σιδώνιόν
709 3570 775 3634 ποτ’
799 3567 878 3632 ἄστυ
903 3568 1026 3644 Κάδμος
1049 3567 1176 3631 ἐκλιπὼν

555 3683 712 3763 Ἀγήνορος
735 3689 820 3754 τοῖς.

378 3797 479 3863 Schol.
504 3802 555 3863 τοῦ
579 3797 708 3878 δευτέρον
732 3793 835 3876 Φρίξον
858 3797 930 3875 Erip.
957 3796 974 3867 ἡ
998 3796 1090 3875 ἀρχή.
1115 3792 1242 3858 Errasse
1261 3792 1457 3858 scholiastam

334 3921 367 3978 ct
396 3913 524 3992 δευτέρον
553 3935 609 3998 pro
640 3913 751 3993 πράσον
781 3909 941 3994 scripsisse
972 3915 1103 3993 apparet
1124 3930 1141 3971 e
1165 3906 1266 3972 verbis
1288 3907 1418 3973 Tuetnae
1445 3931 1464 3971 a
1525 3998 1529 4004 .

334 4026 376 4092 Ν.
402 4036 434 4092 et
457 4026 496 4090 D.
520 4028 558 4092 fr.
584 4029 648 4090 816
672 4026 785 4090 allatis.
811 4024 955 4087 Alterius
979 4022 1090 4086 Phrixi
1114 4022 1243 4086 initium
1267 4022 1344 4086 fuit:
1365 4023 1390 4086 si
1408 4023 1464 4100 μὲν

334 4143 394 4207 ‘roh'
419 4137 499 4221 ἦμαρ
523 4143 583 4205 xri.
607 4141 644 4204 fr.
670 4142 743 4204 813.
769 4138 809 4203 In
834 4139 892 4202 hac
912 4137 1010 4201 altera
1033 4137 1212 4200 recensione
1229 4135 1308 4200 nihil
1323 4136 1464 4222 nisipro

334 4256 440 4341 logum
464 4263 622 4320 mutatum
645 4278 721 4332 esse,
742 4275 822 4338 quae
845 4253 939 4316 etiam
960 4250 1110 4315 Fritschii
1130 4249 1333 4315 videturesse
1345 4251 1460 4337 opinio,

333 4377 416 4434 recte
445 4370 559 4434 statuit
589 4367 816 4444 Schneidewin,
847 4365 966 4431 Philol.
996 4363 1051 4429 ΠΙ
1083 4387 1113 4451 p.
1149 4365 1222 4428 533.
1252 4362 1312 4428 Cui
1333 4386 1462 4448 quoque

333 4481 477 4548 Priuerni
498 4484 654 4548 sententia
676 4481 923 4547 demutationis
944 4501 1038 4544 cama
1057 4478 1180 4565 placuit
1196 4500 1290 4562 quarn
1309 4477 1349 4543 cd
1370 4481 1454 4544 1206
