3592 5484
831 679 972 740 romans.
1400 666 1440 730 37

340 846 396 912 ubi
425 845 578 938 vocabulo
602 851 718 911 λεττῶν
740 845 950 933 Sannyrionis,
977 846 1106 913 Meleti's
1128 855 1161 913 et
1186 848 1327 915 Ciuesiae
1351 852 1465 918 macies

338 959 472 1025 ridetur.
1088 1035 1093 1048 ,
1260 1037 1263 1043 ,

384 1070 466 1136 (tum
500 1072 535 1137 in
568 1069 723 1158 Gerytade
752 1096 877 1160 quoque
908 1076 1029 1141 multus
1059 1076 1156 1142 buerit
1187 1079 1243 1142 Ar.
1276 1077 1309 1142 in
1339 1080 1465 1166 tragicis

339 1184 501 1250 imitandis
524 1192 557 1250 et
581 1184 731 1267 ridendis,
754 1189 905 1276 suspicari
929 1189 1004 1254 lieet
1022 1189 1070 1255 ἐντὶ
1094 1199 1208 1266 λεπτῆς
1227 1191 1346 1265 ἐλπίδος
1365 1194 1464 1273 ὀχεῖτ-

338 1301 386 1364 θοον
408 1321 426 1363 e
448 1299 610 1384 tragoedia
630 1321 779 1366 manasse.
1202 1312 1203 1315 ’

338 1523 393 1590 Vs.
421 1517 527 1588 1248.
575 1521 659 1601 οἷμον,
683 1522 850 1605 πέπροοκτκν
874 1529 924 1590 τοῦ
947 1528 1009 1591 θεοῦ
1030 1528 1064 1592 τὸ
1086 1527 1240 1610 θθοΦοοτον.

574 1636 717 1702 κυλίνδετ’
745 1636 810 1701 εἶτον
833 1640 915 1703 τθνδε
936 1639 985 1704 τὸν
1007 1640 1199 1719 barbelum.

383 1753 434 1819 Ad
464 1753 599 1818 alterum
630 1773 753 1816 versum
782 1750 882 1817 Sehol.
906 1757 1006 1817 τοῦτον
1031 1751 1063 1818 δὲ
1085 1755 1119 1818 ε’κ
1142 1755 1371 1838 Βελλεροφόντου
1393 1759 1462 1839 Εὐρ.

335 1869 368 1933 τὸ
398 1867 430 1932 δὲ
460 1857 608 1930 κολίνδετε
635 1862 703 1929 aa>
735 1870 784 1929 τοῦ
815 1864 959 1946 κομοῒετε.
985 1865 1154 1952 Euripides
1177 1866 1314 1948 κομίζετε
1337 1870 1462 1955 scripsit

335 2002 399 2045 non
430 1979 588 2043 κυλθνδετε.
620 1975 699 2041 Cum
730 1977 812 2041 idem
843 1978 906 2043 fere
935 1978 1058 2064 legatur
1087 1979 1124 2044 ir.
1150 1977 1360 2045 Stheneboeae
1385 1983 1459 2061 373,

221 2087 228 2099 ’
336 2089 468 2171 κομίζετ’
498 2088 565 2154 εἴσω
592 2088 688 2164 τήνδε,
719 2089 753 2153 in
783 2097 909 2176 promtu
933 2098 981 2155 est
1003 2091 1156 2178 suspicari
1178 2114 1296 2156 errasse
1318 2091 1463 2157 soholias·

335 2211 400 2268 tam
423 2210 457 2268 et
479 2202 720 2287 Aristophanem
743 2203 826 2268 huno
849 2202 1060 2268 Stheneboeae
1078 2204 1182 2269 loeum
1202 2204 1362 2269 imitatum
1380 2227 1456 2269 esse.

336 2316 430 2398 Quod
461 2322 566 2380 tamen
587 2317 700 2380 'minus
729 2316 898 2380 verisimile
926 2316 963 2380 fit
992 2317 1019 2381 ai
1051 2339 1089 2381 ex
1113 2317 1335 2403 Aristophanis
1357 2315 1459 2381 verbis

338 2428 459 2515 aliquid
486 2430 604 2494 effioere
635 2429 719 2494 lieet.
749 2430 798 2494 Ad
830 2453 909 2514 quae
932 2429 1025 2495 verba
1048 2430 1246 2495 attendentes
1268 2429 1462 2516 probabilius

336 2550 511 2608 statuemus
543 2564 616 2607 eum
647 2541 818 2608 Ribbeokio
848 2544 925 2609 Aah.
951 2544 1033 2609 Auh.
1057 2567 1087 2630 p.
1115 2547 1179 2608 234
1201 2545 1350 2609 miserum
1374 2542 1461 2608 Cleo

319 2640 407 2722 'nem
431 2677 527 2721 usum
549 2679 615 2720 esse
636 2641 741 2720 miseri
763 2637 1013 2743 Bellerophontis
1037 2658 1272 2737 exclamatione,
1297 2658 1346 2741 (ir.
1368 2657 1458 2723 Sthe·

335 2770 405 2836 neh.
443 2772 507 2835 673
538 2770 578 2834 de
608 2777 733 2834 mortua
761 2770 827 2855 agit
857 2769 1062 2855 Stheneboea)
1095 2793 1176 2855 quae
1202 2772 1277 2836 hnio
1299 2771 1461 2857 aptissima

320 2890 400 2949 erat
433 2906 505 2948 eum
536 2906 554 2946 a
583 2880 702 2971 Pegaso
731 2883 848 2948 eiectus
879 2884 912 2948 in
944 2891 1059 2948 terram
1088 2883 1220 2949 claudus
1243 2884 1346 2948 factus
1369 2891 1459 2949 esset.

333 2998 451 3062 Eodem
482 2997 547 3060 fere
575 2997 667 3060 modo
690 2994 789 3062 Creon
813 2997 919 3062 dolore
942 2999 1102 3063 confectus
1124 3021 1143 3061 a
1165 2997 1294 3062 famulis
1316 2997 1399 3083 petit
1421 3005 1459 3062 ut

332 3132 365 3174 se
387 3108 555 3186 abducant,
579 3107 673 3194 Soph.
700 3110 775 3172 Ant.
803 3112 905 3174 1320:

564 3221 655 3299 ἄγετέ
678 3223 713 3301 μ’
737 3221 780 3286 ὅτι
802 3223 910 3303 τάχος,
935 3222 1026 3300 ἄγετέ
1050 3224 1085 3301 μ’
1109 3223 1246 3288 ἐκποδών.

333 3335 371 3400 ef.
405 3337 490 3400 1333
523 3341 556 3399 et
587 3333 666 3400 Oed.
698 3335 770 3421 Tyr.
802 3338 885 3399 1341
917 3358 983 3420 sqq.
1007 3335 1120 3420 Neque
1140 3335 1235 3400 rerba
1258 3335 1394 3416 κομνζετε
1413 3373 1465 3400 -.

332 3448 516 3526 δυσδαίμονα
545 3447 647 3512 aliena
680 3455 755 3513 sunt
778 3452 868 3533 (quae
891 3449 996 3535 opinio
1019 3448 1083 3513 fuit
1107 3447 1273 3527 Welekeri‚
1299 3445 1354 3511 Gr.
1377 3453 1456 3532 trag.

310 3560 368 3625 ἸΙ
398 3585 429 3647 p.
463 3562 538 3643 795)
569 3583 587 3625 a
617 3561 682 3624 viro
712 3561 834 3625 fortiter
855 3561 935 3626 mala
958 3562 1082 3642 ferenti,
1105 3562 1142 3625 fr.
1168 3563 1232 3624 302
1252 3558 1285 3643 ¹),
1311 3562 1385 3623 313.
1410 3558 1457 3624 De

331 3654 421 3738 versu
447 3676 533 3738 1248
556 3672 665 3737 Koek:
688 3673 767 3752 „Da
793 3677 875 3738 1249
899 3696 956 3738 aus
979 3673 1049 3738 dem
1074 3673 1279 3759 Bellerophon
1296 3674 1350 3737 des
1367 3672 1458 3738 Euri·

365 3937 383 3996 ι)
400 3934 482 3983 Verbo
504 3931 566 3992 θθμοι
588 3930 639 3988 κτθ,
662 3932 691 3981 fr.
719 3933 776 3990 302,
799 3933 835 3980 ita
859 3905 1030 3996 distinguenda
1049 3938 1107 3982 sunt
1122 3939 1152 3981 ut
1168 3932 1238 3996 prius
1255 3929 1317 3990 θίμον
1333 3931 1367 3979 sit
1383 3931 1456 3980 omiei

330 4025 480 4082 miserantia,
497 4023 567 4072 ohori
585 4024 695 4082 lostam,
716 4030 742 4072 et
758 4022 787 4071 τθ
801 4021 822 4071 δ’
841 4022 916 4082 disson
934 4023 1008 4079 θνητά
1025 4039 1062 4072 τον
1081 4023 1229 4081 πεπόνθοιμεν
1245 4019 1454 4087 Bellerophontis.

330 4114 369 4166 01.
392 4115 451 4164 Eur.
472 4113 559 4179 Suppl.
582 4114 640 4164 231.
663 4113 772 4164 Ilerdam
794 4113 924 4164 medelum.
940 4114 989 4162 iam
1013 4113 1120 4178 Wagner
1136 4113 1224 4162 attulit
1240 4113 1377 4177 lngmento
1396 4112 1455 4162 Eur.

330 4207 411 4256 Alfi.
431 4206 478 4255 09:
570 4268 571 4271 Ἴ

362 4288 389 4294 ”
482 4290 485 4294 ⁴
512 4283 528 4296 ’“
579 4286 609 4333 Δ.
627 4282 719 4343 μκτθρκ
736 4283 856 4333 κατέκταν
870 4283 913 4340 τὴν
929 4280 995 4344 iuis,
1013 4284 1107 4344 βρεχθς
1124 4285 1203 4343 λόγος

581 4373 609 4422 B.
627 4372 684 4423 ε’κῖνν
701 4371 799 4422 ε’κοθτκν
816 4372 830 4430 li
848 4372 874 4422 οἷν
889 4372 1002 4423 limem
1020 4371 1068 4433 ον’νχ
1087 4370 1158 4430 isaim

329 4482 401 4532 quam
418 4444 615 4514 mandationem
633 4464 664 4515 N.
681 4470 706 4514 et
722 4464 753 4514 D.
772 4481 821 4514 nou
838 4470 1000 4530 temperant·
