3592 5484
356 592 417 656 176
831 609 947 656 amaa.

330 777 363 837 in
393 778 462 838 urbe
493 776 606 837 nutriri
628 777 752 838 leonem:
779 776 832 839 Sin
857 784 955 839 autem
977 779 1144 856 5141111455,
1168 780 1281 862 obsequi
1304 782 1332 843 ei
1354 804 1454 844 conne-

332 888 425 950 nire.''
457 885 601 950 Valerius
633 888 730 970 igitur
761 895 817 951 aut
846 895 908 952 tres
930 911 1038 953 versus
1060 898 1190 955 noverat
1211 897 1267 954 aut
1289 893 1367 958 dnos
1391 917 1456 980 pos

331 1001 470 1065 teniores.

332 1222 385 1289 Vs.
412 1217 516 1287 1438.
551 1223 652 1304 αἷριιεν
674 1219 759 1303 αὖραι
782 1225 933 1302 πελαγίαν
957 1226 1026 1306 ὑπὲρ
1051 1226 1167 1291 πλάκα.

377 1336 507 1402 Constat
536 1339 618 1401 inter
648 1337 728 1401 viros
759 1337 867 1402 doctos
899 1361 961 1403 non
984 1362 1085 1425 pauca
1107 1340 1157 1405 hic
1180 1342 1367 1428 interpolata
1390 1366 1455 1408 eme

333 1451 382 1514 vel
411 1452 516 1536 potius
539 1450 695 1535 duplicem
716 1450 807 1514 nobis
829 1451 977 1515 traditam
1003 1476 1069 1518 esse
1094 1456 1313 1520 recensionem.
1337 1457 1456 1521 Aristo

333 1565 449 1651 phanes
477 1574 548 1651 post
580 1566 665 1628 1430
695 1564 819 1650 scripsit
851 1587 909 1629 vss.
942 1567 1028 1629 1442
1061 1589 1127 1651 sqq.
1152 1574 1185 1632 et
1206 1576 1276 1653 post
1297 1571 1381 1632 1450
1405 1570 1456 1634 vel

337 1682 420 1742 1448
446 1681 543 1762 (1449
567 1686 600 1741 et
627 1681 708 1741 1450
733 1679 893 1741 eiecerunt
916 1678 1084 1758 Hamalrer,
1109 1680 1256 1746 Meinelre
1279 1680 1375 1749 Vind.
1396 1687 1455 1751 Ar.
1521 1689 1524 1695 ’

335 1817 365 1879 p.
399 1795 471 1872 131,
504 1791 655 1874 Dindorl)
688 1816 746 1857 vss.
780 1794 865 1855 1454
888 1815 955 1876 sqq.
979 1793 1100 1858 Histrio
1124 1796 1172 1859 vel
1196 1797 1339 1880 quisquis
1361 1797 1459 1863 fuerit

334 1909 388 1990 qui
420 1914 600 1970 contextum
633 1907 801 1970 mutaverit
831 1931 891 1971 vss.
917 1910 1001 1971 1443
1025 1907 1096 1971 ἕτιιν
1118 1909 1159 1973 τὰ
1181 1947 1228 1956 -
1252 1912 1336 1974 1450
1360 1911 1457 1992 σωζνί-

336 2020 400 2098 με4’
424 2021 460 2083 ἄν
484 2022 613 2084 removit
637 2029 667 2084 et
692 2021 723 2084 in
748 2043 855 2084 eorum
879 2021 981 2084 locum
1010 2022 1092 2085 1437
1114 2023 1198 2096 εἴτις
1217 2062 1261 2071 -
1283 2026 1365 2088 1441
1381 2027 1459 2090 ἒνιιν-

335 2137 401 2198 aba
424 2144 456 2198 ct
481 2138 562 2198 1451
589 2130 620 2198 εὖ
643 2172 687 2181 -
713 2136 797 2197 1453
822 2134 877 2204 τὰς
895 2133 921 2198 δ’
946 2132 1052 2208 §Sila-5
1076 2142 1258 2216 Κηφισοφῶν
1281 2137 1457 2204 substituit.

381 2248 615 2312 Observandum
651 2257 698 2310 est
733 2246 824 2311 verba
859 2247 958 2327 ιιῖρνιεν
993 2250 1056 2313 ιιτὲ.
1086 2251 1202 2334 tragica
1233 2275 1298 2315 esse
1320 2262 1362 2329 et,
1387 2275 1457 2317 cnm

337 2363 502 2448 Euripides
533 2387 564 2425 se
589 2362 709 2426 consilii
736 2363 818 2425 143ῖ
845 2384 911 2445 sqq.
935 2371 1093 2425 auctorem
1119 2387 1182 2426 esse
1206 2365 1389 2448 profiteatur
1413 2390 1457 2431 vs.

340 2479 434 2552 1453,
459 2477 607 2560 suspicari
633 2475 707 2538 lieet
731 2498 766 2538 ea
790 2498 828 2539 ex
850 2475 956 2557 aliquo
976 2475 1113 2539 dramate
1136 2476 1297 2563 Euripidis
1320 2477 1460 2543 derivata

337 2614 412 2655 esse.
444 2589 483 2654 In
514 2592 591 2654 Eur.
625 2587 791 2653 Palamede
819 2589 856 2653 fr.
884 2592 945 2650 532
969 2588 1087 2674 legitur
1110 2591 1229 2662 πιντίιις
1252 2590 1322 2672 ὑπὲρ
1344 2594 1460 2667 nunde

337 2712 369 2767 54
399 2702 499 2767 Schol.
533 2706 614 2766 1451
649 2701 761 2766 habet:
788 2704 856 2782 πρὸς
879 2705 928 2766 τὸν
951 2704 1111 2783 Εὐριπίδην
1134 2702 1177 2768 ἔτι
1196 2705 1269 2777 εἰκὸς
1293 2708 1325 2770 ἐκ
1348 2715 1457 2771 llata-

338 2817 449 2894 μήδους
478 2817 649 2880 renidebat
680 2822 787 2880 τιιῦτκ.
822 2815 912 2896 Quae
943 2823 1047 2880 tamen
1080 2819 1242 2882 annotatio
1266 2820 1387 2886 nullius
1412 2829 1460 2886 est

338 2932 441 3017 pretii.
476 2930 571 2995 Recte
603 2929 699 2994 Dind.
730 2930 924 3008 „temeraria
954 2939 1001 2993 est
1030 2933 1209 2996 coniectura
1239 2956 1302 2998 non
1326 2935 1462 3000 animad-

338 3096 358 3123 ‚,
368 3046 517 3109 vertentis
538 3044 644 3108 referri
667 3043 743 3106 haec
769 3038 821 3127 (εὖ
843 3044 874 3121 γ’
898 3039 919 3105 ὦ
942 3045 1044 3130 1122.)
1070 3043 1108 3107 ad
1131 3047 1303 3131 superiores
1328 3049 1461 3136 interpo-

339 3160 476 3236 „latoris
498 3180 604 3222 versus
629 3160 713 3221 1440
739 3164 771 3219 54
796 3158 879 3219 1441
906 3157 929 3219 εἱ
952 3166 1138 3238 νιινμιιχιῑεν
1158 3162 1231 3240 xri„
1252 3161 1357 3244 qualia
1369 3185 1461 3227 nemo

339 3272 425 3351 „sibi
456 3270 654 3358 persuadebit
686 3271 718 3334 in
741 3269 903 3355 Euripidis
927 3268 1092 3334 Palamede
1116 3272 1198 3336 lecta
1221 3275 1346 3339 fnisse.''
1369 3275 1463 3341 Sabo

338 3387 444 3452 liastae
468 3388 647 3450 coniectura
669 3384 783 3448 nititur
807 3382 1016 3446 allocutione:
1042 3380 1063 3446 ὦ
1087 3386 1283 3464 flauente,
1303 3409 1397 3471 quam
1419 3396 1463 3452 ta·

339 3523 410 3565 men
445 3522 556 3585 urgere
590 3521 652 3563 non
689 3499 774 3562 11554.
812 3497 893 3560 Nam
929 3495 1112 3578 Palamedis,
1148 3499 1318 3565 multarum
1342 3503 1458 3567 artium

339 3614 520 3692 inventoris,
551 3613 674 3676 nomine
698 3609 938 3696 appellabantur
962 3610 1103 3675 homines
1126 3614 1244 3676 versuti
1268 3623 1300 3677 et
1323 3615 1463 3680 sollertes

340 3731 395 3813 qui
419 3731 500 3793 sicut
524 3726 728 3790 Prometheus
752 3724 835 3789 dranci
860 3733 962 3788 essent
983 3721 1044 3798 κάξ
1062 3725 1231 3804 ἀμηχάνων
1255 3730 1354 3806 πέρινς
1378 3729 1464 3807 εὑρεῖν

341 3843 511 3907 Conferant
535 3842 591 3903 viri
616 3841 700 3903 docti
724 3838 806 3901 Plat.
830 3837 961 3903 Phaedr.
986 3861 1017 3923 p.
1042 3842 1116 3917 aul,
1140 3838 1196 3902 nbi
1221 3840 1300 3905 Zeno
1323 3842 1336 3904 4
1358 3843 1463 3906 Ἐλικ-

339 3959 417 4029 eran·
440 3957 630 4033 Πνὶαριήδης
655 3961 782 4016 vocatur
806 3960 837 4016 54
861 3951 974 4037 Eupol.
1000 3954 1036 4015 [r.
1060 3954 1134 4029 303,
1157 3953 1254 4018 Mein.
1278 3954 1312 4017 11
1334 3977 1364 4040 p.
1388 3958 1464 4036 547,

343 4069 396 4134 nbi
422 4074 460 4135 A.
485 4065 546 4132 sien
572 4069 616 4138 τίς
639 4062 717 4130 εἶπεν
744 4066 877 4143 ‚minida
901 4064 985 4127 πιιῑ”
1008 4070 1117 4144 epum
1140 4063 1257 4142 μεταξὺ
1280 4069 1384 4143 πίνωνς

427 4183 464 4246 Β.
489 4180 703 4257 [lamentanda
725 4203 762 4256 γε
786 4184 870 4243 rcere
893 4175 1078 4258 τιὺξεύρνμιι
1101 4180 1150 4242 xxi
1175 4180 1265 4261 σοφόν
1284 4204 1343 4245 σιν.

387 4295 475 4376 Quos
498 4316 602 4358 versus
624 4293 730 4377 legens
755 4315 817 4355 non
841 4313 966 4377 possum
991 4314 1055 4355 non
1078 4293 1229 4377 suspicari
1253 4302 1376 4379 poetam
1400 4317 1464 4360 ver·

344 4408 391 4473 bis
413 4409 627 4485 Πνναμνδικὸν
650 4415 681 4470 54
703 4406 806 4484 eluite
830 4406 950 4470 ludere.
974 4405 1049 4471 Non
1072 4414 1120 4471 est
1143 4407 1268 4491 quidem
1292 4410 1380 4474 iocus
1403 4411 1463 4495 pri·
