3592 5484
361 662 425 722 166
842 676 960 721 mea.

335 848 373 916 ὥς
396 843 490 920 werlu
514 845 527 907 5
551 845 679 921 werede
699 842 763 923 arpi
784 850 838 916 τῆς
857 843 1028 922 ’Τψιπύνιις
1048 843 1143 921 λέγων
1161 852 1215 918 τῆς
1234 844 1463 925 κροταλισιὶσης.

336 957 396 1022 Sed
432 966 506 1021 utut
542 966 599 1037 est,
631 956 792 1043 probanda
823 965 871 1022 est
900 956 1045 1021 Fritsehii
1077 958 1256 1023 coniectura
1285 981 1375 1023 usam
1398 983 1465 1024 esse

335 1071 527 1156 crepitaculo
550 1070 745 1158 Hypsipylen
770 1071 924 1157 Opheltae
948 1073 1036 1156 pueri
1059 1094 1161 1135 eausa.
1184 1073 1359 1136 Historiam
1378 1072 1465 1159 Hyp

334 1186 461 1272 sipylae,
486 1188 589 1273 ipsum
614 1188 742 1251 fortasse
767 1185 945 1272 tragoediae
968 1192 1189 1270 argumentum
1214 1186 1348 1252 tradidit
1368 1187 1466 1274 Hygi·

334 1323 395 1366 nus
425 1300 485 1365 fab.
521 1305 573 1366 74.
605 1304 750 1384 „Septem
779 1306 922 1380 ductores,
950 1305 1000 1386 qni
1028 1304 1138 1366 Thebae
1159 1312 1357 1395 oppapnoturrr
1381 1305 1466 1368 ibant

335 1420 542 1492 ,meamne
567 1418 598 1478 in
622 1417 771 1492 il'emeam,
795 1417 845 1477 ubi
868 1416 1033 1499 Hypsipyle
1060 1416 1202 1479 Thoantis
1219 1418 1293 1500 filia
1319 1417 1350 1480 r'rr
1374 1419 1464 1480 eerrai-

336 1538 430 1607 „tule
453 1553 582 1612 puerum
606 1531 810 1593 Archemorum
833 1530 895 1593 eice
922 1531 1062 1612 Ophelten
1087 1531 1161 1613 layci
1183 1531 1259 1612 repis
1275 1532 1383 1615 filiam
1407 1555 1462 1594 ιιιι-

335 1644 484 1722 ‚,lriebat,
508 1645 559 1707 cni
581 1666 749 1726 reaponeum
771 1650 847 1721 erat,
871 1665 907 1705 ne
930 1643 961 1705 in
984 1649 1065 1714 terro
1086 1666 1210 1725 puerum
1233 1647 1388 1726 deponeret
1409 1668 1464 1708 aa·

335 1806 356 1836 ,‚
364 1766 481 1841 tequam
502 1764 600 1839 posset
622 1758 775 1820 ambulare
796 1756 872 1820 cel.'’

379 1871 522 1935 Eandem
556 1871 748 1955 tragoediam
784 1872 888 1955 tangit
918 1872 972 1935 Ar.
1004 1869 1083 1934 Rau.
1117 1873 1220 1934 1322:
1252 1872 1411 1951 περίβαλλ’
1443 1870 1465 1936 ὦ

335 1984 433 2048 τέκνον
456 1985 578 2057 didm,
603 1984 688 2068 quod
711 1984 850 2047 eiusdem
875 1983 1056 2069 Hipsipylae
1075 1983 1135 2046 fuit
1153 2005 1287 2068 puerum
1304 1985 1465 2070 alloqueu·
1513 2005 1515 2010 ·

335 2098 386 2160 tis.
419 2097 492 2170 Iure
522 2098 622 2181 igitur
643 2098 819 2181 suspicatur
843 2095 982 2160 Fritsehe
1006 2119 1104 2173 „eam
1128 2097 1359 2179 emansorem,
1383 2122 1464 2184 quae

336 2210 417 2288 „hie
447 2211 479 2274 in
511 2210 608 2273 Ranis
630 2233 702 2274 eum
727 2211 917 2295 crepitaculo
940 2209 1078 2295 prodeat,
1101 2210 1239 2295 prodisse
1264 2211 1372 2276 habitu
1399 2237 1465 2298 per·

337 2345 503 2406 „sonaque
535 2323 724 2408 Euripideae
757 2322 979 2409 Hypsipylae.''
1007 2326 1093 2387 Haec
1125 2333 1229 2388 autem
1262 2326 1288 2388 si
1320 2334 1465 2391 tenemus

336 2436 499 2523 apparebit
523 2438 608 2502 uude
633 2440 728 2501 sumti
753 2439 818 2502 sint
841 2447 1005 2521 sequentes
1028 2460 1144 2501 versus.

336 2663 391 2728 Vs.
419 2656 524 2726 1309.
562 2663 711 2734 denudum,
736 2662 768 2725 ai
787 2661 855 2741 rzp'
877 2661 990 2733 ιὶενέοις
1014 2660 1169 2726 θαλάσσας

559 2776 673 2852 adrazer
696 2775 898 2852 στωμύλλετε,

560 2891 722 2968 τέγγουσαι
743 2891 840 2961 νοτίοις
864 2895 973 2969 πτερῶν

557 3006 649 3083 §xviri
670 3004 748 3082 χρὲοι
771 3002 973 3082 δροσιζόμεναι.

382 3117 484 3181 Schol.
510 3116 549 3179 Y.
574 3116 636 3180 ἔστι
656 3116 686 3180 δὲ
706 3116 739 3179 ri
759 3116 976 3194 προεγκείμενον
995 3111 1029 3188 ἐξ
1047 3113 1223 3194 Ἰφιγενείοις
1236 3124 1288 3188 τῆς
1301 3119 1331 3181 ἔν
1344 3119 1459 3182 Λύδι’δι.

335 3229 438 3295 Schol.
467 3227 852 3308 11.ἒξἸΦιγενειίιςΕὑρ.
879 3250 959 3311 quae
982 3250 1083 3291 errore
1106 3228 1145 3293 ad
1170 3251 1213 3292 rs.
1240 3230 1327 3293 1315
1353 3231 1464 3314 migra·

335 3355 459 3410 rerunt.
490 3346 573 3411 Cum
605 3352 711 3408 autem
743 3345 775 3407 in
806 3343 877 3428 Iph.
905 3343 978 3406 Aul.
1003 3343 1079 3407 haec
1102 3364 1163 3406 nou
1187 3342 1345 3427 legantur,
1370 3345 1463 3408 variis

335 3459 435 3523 modis
459 3459 612 3523 medelam
635 3458 744 3522 afferre
768 3458 871 3521 eonati
896 3464 971 3520 suut
993 3456 1189 3541 interpretes.
1215 3455 1310 3520 Dind.
1335 3458 1368 3520 iu
1388 3480 1461 3522 ann.

334 3573 373 3637 ad
398 3573 514 3647 Schol.,
535 3574 586 3636 cui
606 3573 778 3636 assentitur
799 3570 892 3649 Weil,
913 3569 988 3655 Sept
1001 3569 1157 3654 tragedies
1169 3569 1199 3633 d'
1212 3569 1300 3650 Eur„
1314 3572 1461 3647 ‚menae

334 3687 459 3763 „immo
482 3687 618 3765 Teleste,
639 3686 765 3749 ridetur
788 3687 870 3749 euim
894 3685 1042 3770 respicere
1067 3708 1109 3747 rs.
1137 3687 1221 3747 1039
1243 3685 1322 3764 ὅρνις,
1344 3683 1462 3758 texat

332 3850 352 3877 „
363 3802 497 3880 πετρίνοις
522 3800 627 3864 πόντου
644 3799 788 3878 δειράδος,
809 3801 933 3871 amau,
955 3799 959 3884 Ι
980 3797 1081 3875 ἔλεγον
1093 3799 1198 3878 οἰκτρὸν
1210 3799 1352 3870 ιὶείδεις.”
1367 3799 1461 3879 Quod

333 3921 438 3977 tamen
470 3915 590 3977 nemini
618 3911 818 3999 persuadebit
848 3913 904 3996 qui
933 3913 1106 3976 coumderet
1128 3912 1204 3995 quid
1228 3914 1354 3977 intersit
1376 3914 1460 3977 inter

333 4027 408 4090 haec
431 4026 523 4090 verba
548 4035 580 4090 et
602 4026 818 4111 Aristophanis
842 4048 976 4090 carmen.
998 4024 1230 4110 Frigidissimus
1248 4033 1336 4089 totus
1349 4026 1461 4091 fuisset

332 4140 419 4204 iocus
450 4141 508 4204 nisi
540 4141 606 4225 ipsa
629 4140 792 4226 Euripidis
815 4139 907 4204 verba
931 4141 1054 4203 eitasset
1079 4141 1163 4204 sieut
1185 4145 1277 4203 autea
1301 4139 1460 4225 Aeschyli,

333 4254 424 4317 euius
457 4255 513 4329 rei,
549 4275 740 4337 quamquam
775 4254 826 4316 rin
856 4275 934 4337 opus
965 4261 1021 4332 est,
1054 4260 1239 4337 argumento
1272 4254 1313 4316 sit
1336 4275 1459 4317 versum

334 4367 430 4443 1317,
462 4389 478 4430 e
509 4365 650 4430 dramate
673 4368 842 4452 superstite
859 4367 983 4431 Electra
1004 4367 1149 4453 petitum,
1173 4367 1213 4431 ad
1237 4366 1358 4431 literam
1387 4389 1459 4431 oum

330 4476 492 4563 Euripidis
516 4488 667 4544 contextu
691 4481 864 4545 convenire.
