3592 5484
717 659 1069 704 ruesnoauoarazusas.
1372 645 1432 705 Ιθθ

330 827 489 893 dochmios
520 825 694 909 scripsisse:
726 824 773 890 tta
802 826 859 906 γοὶρ
879 828 891 890 ι’
912 826 1025 900 Σκύθης
1046 827 1142 892 asinar
1163 851 1212 902 μοι
1234 825 1340 907 atrita&
1360 827 1364 915 Ι
1385 831 1454 908 ἕῷε·

332 944 410 1013 σπέος
433 943 521 1012 ὀλοὸν,
545 938 652 1020 ἄφιλον
675 941 833 1020 ε’κρέμιοοεν
854 940 858 1023 l
878 938 991 1021 κέρνοὲιν
1016 944 1138 1006 δεῖπνον.

334 1157 387 1221 Vs.
417 1148 665 1219 1029—l041.
691 1155 755 1236 ὁρᾷς
780 1153 845 1232 ἔμ’;
870 1156 900 1218 οὐ
925 1164 1049 1236 χοροῖσιν
1072 1157 1133 1220 ari.

378 1272 477 1350 „Hoc
507 1269 662 1333 canticum
692 1268 858 1331 maximam
889 1277 1009 1354 partem
1044 1291 1081 1332 ex
1113 1267 1276 1354 Euripidis
1301 1273 1459 1355 tragoedia

334 1405 512 1471 expressum
538 1380 692 1446 videtur.''
712 1379 835 1445 Nauck.
861 1381 964 1446 Sclrol.
993 1384 1091 1446 1030:
1117 1383 1208 1448 πθλιν
1232 1381 1265 1458 ἐξ
1288 1385 1384 1465 Ἀνδρ.
1409 1386 1456 1451 Ex

335 1500 394 1564 hoc
417 1499 555 1563 dramate
579 1506 744 1560 manarunt
767 1520 824 1560 vsa.
851 1498 1081 1574 locu—1031,
1107 1497 1276 1580 inquibus
1299 1521 1398 1582 genus
1420 1500 1462 1564 le·

335 1613 491 1677 urininum
522 1609 634 1690 ἔχονοοι
658 1619 813 1674 servatum
839 1619 895 1674 est.
921 1609 1024 1674 Verba
1047 1633 1173 1695 quoque
1197 1612 1278 1684 κηίει
1298 1613 1456 1693 βορέω...

335 1735 493 1809 προκεῑμοιι
526 1724 688 1811 Euripidis
722 1747 785 1788 csse
820 1723 980 1811 probabile
1016 1725 1052 1788 fit
1082 1749 1120 1789 ea
1149 1725 1270 1790 adiecto
1295 1727 1457 1807 Γὶοινκέιη.

335 1844 423 1908 Haeo
451 1841 533 1905 enim
564 1848 610 1903 est
633 1838 744 1903 talium
767 1839 905 1903 locorum
928 1840 1039 1904 facetia
1064 1849 1100 1904 ut
1126 1863 1224 1905 uuum
1247 1847 1373 1905 tantum
1392 1865 1456 1906 ver·

337 1956 411 2021 bum
446 1955 479 2019 in
512 1954 631 2038 tragico
666 1975 755 2018 versu
790 1960 942 2032 mutetur,
975 1955 1058 2019 sicut
1091 1978 1118 2019 v.
1148 1978 1173 2019 c.
1199 1955 1278 2019 Ran.
1303 1958 1377 2034 840,
1402 1955 1456 2020 ubi

335 2070 487 2152 ἆρονροιίοος
511 2090 567 2155 pro
591 2068 765 2139 θιινοιοοθιις.

382 2184 704 2250 Animadvertendum
740 2191 786 2246 est
815 2191 974 2270 praeterea
1003 2185 1113 2249 iisdem
1145 2183 1246 2248 verbis
1277 2185 1326 2248 nti
1351 2185 1457 2272 Apoll.

337 2299 372 2364 Π
398 2303 429 2379 4,
455 2299 525 2362 3.3:
549 2298 600 2362 έθιν
617 2347 624 2360 .
639 2345 646 2360 .
660 2345 690 2360 ..
711 2300 829 2378 προτεθῇ
853 2300 893 2379 τῷ
914 2299 994 2372 κήτει
1019 2298 1102 2379 βοροθ,
1127 2298 1163 2364 Π
1187 2304 1218 2379 4,
1245 2302 1312 2363 3.θι
1336 2300 1454 2380 Ἀνδρο-

337 2414 433 2492 μέδοιν
458 2412 672 2492 παρακειμένην
696 2411 845 2496 (Hercher
868 2413 1064 2496 προκειμένην)
1088 2413 1178 2493 βορὰν
1202 2415 1352 2494 lacescis
1368 2417 1457 2489 κήτει,

337 2525 497 2592 Eratosth.
522 2527 640 2592 Catast.
664 2548 689 2589 c.
716 2528 773 2589 15:
797 2526 850 2599 την
874 2524 899 2589 δ’
927 2527 1020 2590 abacia
1046 2526 1193 2608 θνγιιτέριο
1216 2528 1297 2592 δοκεῖ
1316 2530 1456 2607 ποιριιθεῑ-

337 2664 383 2705 νοιι
414 2641 455 2720 τῷ
478 2641 558 2714 κήτει
583 2636 664 2720 βοροὶ,
690 2661 716 2702 c.
742 2640 800 2704 ll:
824 2641 861 2712 ὡς
884 2638 936 2703 nai
960 2639 1094 2721 προετέθη
1119 2642 1159 2721 τῷ
1182 2641 1272 2714 κήτει.
1297 2639 1456 2706 Videntur

337 2754 414 2819 haec
436 2778 453 2819 e
477 2755 634 2819 communi
656 2753 743 2818 fonte
766 2754 904 2819 derivata
927 2777 1001 2832 esse,
1027 2763 1059 2818 et
1082 2777 1153 2818 cum
1177 2753 1400 2820 Eratosthenes
1422 2756 1454 2820 in

337 2878 471 2955 utroque
495 2871 596 2956 capite
619 2870 658 2934 ad
680 2869 842 2956 Euripidis
864 2870 1056 2955 tragoediam
1079 2877 1228 2955 provocet
1250 2873 1286 2955 (c.
1315 2873 1354 2934 15
1377 2893 1461 2956 prae·

337 2987 454 3050 mittit:
480 2981 513 3059 ἦν
537 2986 567 3049 δέ
591 2985 749 3071 (Κηφεὺς)
773 2987 810 3057 ὡς
829 2985 987 3065 Εὐριπίδης
1006 2985 1112 3066 φησιν,
1137 2985 1279 3049 Αἰθιόπων
1302 2984 1455 3064 ilaritate,

337 3099 537 3180 Ἀνδρομέδης
561 3100 591 3163 δέ
615 3101 737 3180 carrica
762 3121 787 3162 c.
812 3103 848 3165 ll
869 3097 1051 3184 subiungit:
1069 3099 1150 3177 λέγει
1162 3100 1193 3164 δὲ
1206 3099 1257 3163 axi
1271 3101 1336 3180 Εὐρ.
1352 3103 1459 3178 capric

336 3215 365 3278 ἕν
386 3216 428 3295 τῷ
448 3212 512 3295 περὶ
535 3215 629 3285 adria
648 3212 847 3293 γεγραμμένῳ
866 3211 1027 3299 spateae.)
1050 3213 1193 3277 firmatur
1212 3215 1346 3298 suspicio
1366 3210 1458 3277 verba

338 3330 419 3403 κήτει
454 3326 529 3407 βοροὶ
560 3351 639 3407 προκ.
673 3350 710 3391 ex
739 3326 900 3412 Euripidis
931 3326 1132 3391 Andromeda
1161 3335 1229 3391 orta
1260 3351 1334 3392 esse.
1359 3326 1462 3392 Verba

337 3441 433 3506 schol.
459 3441 517 3504 Av.
543 3443 605 3504 343
628 3440 733 3520 allata,
757 3443 878 3505 έκθεῑνοιι
902 3440 987 3512 κήτεϊ
1002 3440 1130 3522 φορβάν,
1152 3440 1246 3504 aliam
1259 3442 1290 3504 in
1304 3439 1461 3525 tragoedia

338 3555 443 3620 sedem
466 3552 655 3617 habuerunt.

384 3666 444 3731 Ad.
471 3669 557 3730 10:34
581 3665 680 3730 Schol.
704 3674 849 3731 annotat:
873 3665 924 3731 κοοθ
948 3671 1031 3732 τοῦτο
1055 3665 1089 3742 ἐξ
1111 3668 1209 3748 Ἀνδρ.

383 3781 410 3846 E
441 3782 573 3866 repetita
604 3778 643 3844 ad
673 3803 716 3844 vs.
752 3783 834 3844 1040
859 3779 1043 3845 scholiastae
1063 3783 1265 3846 annotatione
1287 3783 1339 3847 ιιιοὶ
1362 3789 1462 3848 casira

337 3893 371 3971 ἐξ
401 3896 499 3977 Ἀνδρ.
534 3894 632 3959 efficio
664 3894 756 3959 verba
785 3898 875 3975 Φῶτοι
895 3934 941 3943 -
964 3895 1138 3976 Φλέγονοοον
1161 3898 1194 3961 in
1216 3898 1376 3982 tragoedia
1400 3921 1461 3962 non

338 4031 409 4073 cum
433 4007 690 4094 praecedentibus
713 4031 849 4073 connexa
871 4010 966 4074 fuisse
989 4011 1042 4075 sed
1066 4033 1180 4075 novum
1207 4035 1273 4076 esse
1297 4011 1459 4076 monodiae

337 4122 560 4206 fragmentum.
585 4121 744 4186 Orationis
766 4145 864 4188 nexus
887 4146 949 4187 uon
972 4125 1063 4187 auxie
1082 4123 1281 4208 quaerendus
1301 4133 1357 4205 est,
1378 4148 1459 4203 narn,

337 4245 376 4302 ut
397 4236 502 4302 Schol.
528 4240 612 4301 loto
636 4238 768 4318 monuit,
792 4237 841 4303 διθο
863 4239 895 4303 τὸ
917 4237 1087 4315 λιιμβιθνειν
1109 4239 1345 4317 οὶποοποθομιιτοι
1368 4239 1460 4304 dada-

337 4353 419 4418 δεπον
448 4353 481 4417 πθ
512 4351 575 4417 θλον
597 4353 718 4430 γίνετοοι.
742 4353 822 4435 Quis
843 4354 927 4417 enirn
951 4375 1068 4417 nexum
1090 4352 1246 4418 desideret
1268 4355 1362 4419 simili
1385 4354 1452 4417 loco

338 4465 433 4554 Vesp.
460 4469 522 4532 756
542 4467 611 4551 sq.?
628 4465 709 4532 Satis
729 4475 785 4548 est,
805 4468 925 4553 opinor,
945 4468 970 4532 si
982 4466 1121 4550 aliquam
1133 4468 1321 4532 seutentiam
1334 4468 1456 4532 etiamsi

1321 4580 1334 4619 a
