3592 5484
764 691 890 736 onasus
913 690 948 735 rs
971 690 1103 735 aromo.
1400 676 1463 735 215

414 858 533 923 Verum
556 859 633 922 haec
655 880 719 922 non
741 859 806 922 veri
822 865 898 921 sunt
916 856 1029 921 similia
1047 879 1149 941 neque
1167 859 1304 922 multum
1327 859 1401 924 inde
1419 881 1488 945 pro·

368 960 481 1025 fioitur.
515 958 657 1023 Fortasse
688 959 743 1023 lux
773 958 937 1042 effulgebit
968 958 993 1021 si
1022 957 1115 1022 verba
1144 957 1273 1023 obscura
1303 960 1335 1023 in
1367 959 1485 1025 Graeca

369 1061 586 1126 convertimus.
617 1059 764 1145 Suspicor
793 1060 875 1124 enim
906 1059 939 1123 in
973 1059 1091 1123 Graeco
1113 1059 1192 1123 libro
1215 1060 1365 1145 scriptum
1389 1060 1486 1126 fuisse

369 1163 450 1241 nario
483 1167 534 1226 τοῦ
568 1161 712 1239 flandren
748 1163 797 1245 (ut
826 1159 929 1226 Schol.
961 1159 1001 1224 Il.
1034 1159 1080 1223 VI
1111 1163 1184 1243 155)
1214 1161 1254 1233 εἰς
1284 1163 1332 1226 τὸν
1362 1162 1483 1242 οὐριινόν.

369 1286 503 1348 eumque
526 1263 582 1347 qui
604 1261 692 1327 Post.
717 1273 791 1326 astr.
813 1262 997 1347 conseripsit
1014 1261 1142 1326 vertisse
1161 1284 1196 1326 ao
1215 1262 1241 1325 si
1260 1262 1386 1346 legisset
1405 1263 1486 1339 μενοι

368 1365 421 1437 σὴν
447 1361 808 1444 omnipotestatis
832 1365 957 1443 οὑοιινον.
981 1361 1070 1442 Quae
1094 1363 1270 1426 coniectura
1292 1371 1397 1427 tamen
1421 1386 1484 1428 non

369 1462 407 1528 ab
437 1465 522 1529 omni
552 1476 641 1551 parte
670 1464 832 1542 satisfacit,
861 1464 937 1547 quia
963 1465 1106 1541 Πηγάσου
1136 1474 1168 1527 et
1199 1487 1333 1541 πνγησεν
1357 1466 1484 1548 quidem

369 1567 560 1631 conveniunt
590 1572 691 1631 uetera
722 1587 795 1628 vero
819 1565 977 1630 differunt.
1001 1564 1215 1629 Nihilominus
1235 1567 1302 1630 fieri
1326 1575 1427 1652 potest
1451 1577 1489 1632 ut

369 1668 414 1731 ita
443 1667 592 1731 erraverit
622 1666 713 1730 homo
737 1666 830 1752 plane
854 1665 1021 1751 plumbeus
1043 1672 1075 1728 et
1097 1667 1268 1752 imperitus.
1294 1667 1381 1748 Quid
1405 1669 1487 1732 enirn

369 1792 430 1832 non
458 1774 600 1853 expectes
628 1766 666 1830 ab
696 1790 732 1831 eo
763 1769 819 1851 qui
852 1766 971 1832 Graeca
1001 1766 1087 1836 Erat.
1111 1766 1226 1831 Catast.
1251 1792 1276 1832 c.
1304 1772 1318 1831 1
1346 1763 1435 1834 οὗσιιν
1459 1771 1485 1834 δ’

367 1872 396 1934 ἐν
426 1872 465 1951 τῷ
491 1869 543 1949 ἔσει
572 1870 733 1949 topandium
756 1870 811 1932 aaa
835 1869 964 1933 oiro'aoo
986 1892 1066 1931 τινοιν
1087 1866 1198 1933 Latine
1221 1869 1374 1935 reddidit:
1404 1874 1486 1940 Quae

368 1995 431 2036 conr
461 1973 492 2034 in
521 1972 599 2034 sileo
627 1978 661 2034 nt
688 1972 762 2054 fero
792 1978 952 2050 vaporetur
973 1994 993 2032 a
1015 1971 1185 2054 quibusdam
1208 1974 1375 2035 Aetolorum
1398 1980 1484 2054 copto

368 2080 426 2136 oet.
450 2072 619 2136 etiterum
642 2093 668 2134 c.
694 2075 731 2133 4:
756 2073 837 2134 dedit
860 2071 976 2134 cuidam
998 2073 1162 2135 Aetolorum
1180 2073 1327 2150 olendum,
1352 2082 1384 2135 et
1405 2073 1484 2137 eius-

368 2174 438 2238 dem
470 2172 561 2236 verha
591 2192 616 2234 c.
648 2173 688 2233 13
712 2168 907 2255 (Ἥφιοιστος)
932 2171 1033 2252 ἀφῆκε
1056 2171 1109 2243 σὺν
1131 2172 1294 2249 ἕσιθυμίιιν,
1318 2173 1479 2253 <aesopum

367 2275 405 2348 εἰς
427 2274 480 2346 σὴν
503 2281 560 2351 γῆν
583 2280 637 2346 τῆς
659 2275 785 2352 σσοριῖςε
809 2274 919 2358 effodit
938 2274 970 2335 in
989 2281 1097 2336 terram
1116 2273 1326 2354 voluptatem?
1345 2273 1391 2337 Of.
1405 2274 1482 2339 Bur·

367 2377 444 2453 sian,
472 2374 492 2438 l.
521 2373 542 2438 l.
576 2396 607 2459 p.
641 2374 702 2436 765
735 2382 767 2436 et
791 2372 1078 2457 Sitaungsberiohte
1107 2372 1161 2436 der
1180 2372 1219 2436 K.
1244 2373 1280 2436 B.
1306 2375 1477 2440 Akademie

368 2476 422 2540 der
445 2474 711 2539 wissenschaften
734 2496 773 2537 zu
797 2472 967 2538 Mdnchen.
995 2475 1089 2538 1876.
1114 2474 1131 2538 1
1153 2497 1183 2560 p.
1208 2479 1238 2540 9.

411 2575 514 2639 Verba
536 2576 645 2660 inepta
667 2579 775 2653 »νηοῖο
797 2577 889 2639 victor
908 2576 1103 2658 profugiend’
1129 2576 1204 2659 quin
1228 2576 1322 2640 simili
1349 2577 1439 2642 modo
1462 2603 1479 2642 e

369 2678 495 2741 Graecis
524 2676 705 2761 explicanda
736 2676 808 2755 sint,
839 2698 902 2740 non
933 2675 1054 2741 dubito.
1087 2675 1134 2741 De
1163 2679 1245 2762 Hyg.
1270 2676 1304 2741 P.
1329 2683 1368 2741 A.
1393 2701 1419 2743 ο.
1444 2681 1484 2742 31

368 2778 433 2842 dixi
457 2799 525 2863 pag.
553 2779 627 2841 112.

411 2877 641 2955 Eratosthenes,
661 2898 757 2960 quem
781 2884 813 2941 et
834 2875 908 2941 alibi
932 2885 965 2941 et
987 2877 1045 2941 hoc
1067 2878 1133 2963 ipso
1156 2879 1256 2964 eapite
1283 2882 1322 2942 18
1340 2881 1483 2963 sequitur

365 2979 509 3065 Hyginus
522 2978 544 3064 1)
573 2983 621 3064 (ut
642 2985 767 3063 recepto
790 2979 916 3042 nomine
940 2982 1023 3060 utar)
1048 2978 1208 3043 historiam
1231 2978 1482 3066 Bellerophontis

365 3103 428 3145 nou
461 3079 571 3158 habet;
602 3102 703 3166 pauca
733 3101 813 3163 quae
843 3080 887 3143 ibi
916 3079 1069 3163 leguntur
1098 3079 1182 3145 ἄλλοι
1213 3081 1244 3145 δὲ
1266 3084 1314 3146 τὸν
1337 3085 1479 3161 Illyrisos

365 3178 439 3248 εἶνιιί
459 3190 537 3264 Φοισι
560 3182 608 3246 σὸν
630 3182 670 3254 εἷς
693 3184 734 3245 σοὶ
756 3181 853 3261 ἄστρον
875 3180 1067 3254 deerraturos,
1088 3179 1200 3262 ὕστερον
1218 3191 1272 3256 τῆς
1291 3186 1485 3266 Βελλεροφόν·

366 3309 416 3349 σον
437 3285 574 3357 πτώσεως
597 3282 811 3368 interpolatori
835 3282 1000 3361 debentur,
1024 3289 1062 3346 nt
1084 3283 1145 3345 iam
1169 3281 1341 3348 observavit
1364 3285 1485 3371 Heyne.

1067 3502 1128 3520 s,„‹

402 3548 418 3607 ¹)
436 3548 535 3594 Summo
553 3545 606 3593 iure
623 3561 672 3593 nou
689 3544 823 3593 assentitur
840 3544 954 3601 Bursian,
971 3544 988 3592 l.
1007 3544 1032 3602 l.,
1053 3544 1085 3592 iis
1101 3544 1142 3608 qui
1158 3544 1329 3594 Eratosthenis
1337 3545 1480 3594 Catastoris·

367 3643 419 3676 mos
441 3642 468 3675 ex
491 3625 584 3689 Hygini
609 3625 676 3673 Post.
694 3633 752 3672 ustr.
771 3625 905 3673 translatos
922 3640 973 3672 esse
991 3631 1086 3688 putant.
1104 3625 1249 3688 Rspuguant
1266 3624 1323 3672 huic
1340 3625 1477 3673 sententiae

366 3713 391 3754 et
408 3706 458 3754 aliu
480 3712 504 3753 et
522 3705 571 3753 loci
587 3705 675 3768 tragici
693 3719 796 3768 quorum
815 3703 919 3767 vestigia
935 3704 1091 3767 reperiuntur
1107 3703 1160 3752 Cat.
1178 3721 1198 3753 c.
1216 3705 1246 3753 13
1264 3711 1289 3753 et
1308 3705 1348 3753 35.
1368 3703 1406 3752 Cl.
1425 3722 1482 3754 ann.

367 3783 782 3927 ΒἀδμοΓέοιίΞμιο]Ἱὸιιῑοιοῑσσίοιιιοσιιιιι
800 3862 863 3910 liber
880 3862 920 3925 qni
940 3861 970 3909 ad
987 3877 1031 3910 nos
1045 3863 1157 3926 pervenit
1171 3863 1293 3926 integrum
1310 3862 1482 3911 Eratosthenis

365 3961 425 4010 opus
449 3950 493 3992 est.
517 3942 578 4006 Quis
595 3943 660 3991 euim
677 3942 760 3990 credat
778 3959 792 3989 a
811 3941 954 3990 doctissimo
972 3941 1018 3989 illo
1036 3941 1088 3990 viro
1106 3943 1215 4006 profecta
1232 3959 1283 3991 esse
1300 3959 1360 4006 quae
1378 3943 1482 4006 legimus

365 4042 385 4073 c.
404 4025 436 4072 20
453 4023 482 4072 de
499 4021 578 4070 sidere
595 4022 710 4070 Deltoto:
728 4021 830 4078 εὔσημον
849 4019 873 4068 δὲ
891 4027 920 4068 σι’
938 4021 1042 4080 portatu
1060 4017 1098 4068 ἐπ’
1118 4020 1192 4068 atreo
1207 4017 1297 4069 ariolae
1312 4022 1360 4070 ιἰτο
1377 4031 1432 4078 Διὸς
1448 4030 1487 4071 et:

366 4103 429 4164 Φασὶ
446 4101 472 4150 δέ
488 4118 548 4156 τινος
564 4102 607 4148 καὶ
623 4101 666 4155 τὴν
683 4104 726 4156 τῆς
744 4098 872 4159 Αἰγύπτου
891 4099 952 4147 θέσιν
970 4096 996 4147 ia
1013 4103 1056 4146 τοῦ
1071 4096 1094 4147 iv
1108 4103 1157 4156 τοῖς
1171 4099 1264 4159 ἄστροις
1281 4098 1338 4148 εἶναι
1353 4101 1488 4162 τριγώνου.)

364 4182 440 4232 Plura
457 4181 565 4230 eiusdem
583 4181 680 4245 generis
696 4179 772 4228 habet
791 4179 853 4243 Hyg.
873 4179 900 4228 P.
920 4182 949 4228 Δ.
971 4195 990 4227 ο.
1013 4180 1050 4227 lt.
