3592 5484
845 578 932 623 ava-5.

375 748 469 814 Hisce
492 748 717 834 comparandus
738 755 786 812 est
809 747 895 812 locus
917 747 992 812 Eur.
1018 743 1089 812 Hcl.
1117 748 1200 812 1107
1227 770 1296 832 sqq.

553 864 586 927 σὲ
609 862 664 927 τὰν
688 863 840 935 ε’νριννενένς
864 863 918 927 ὑπὸ
943 863 1134 940 δενδροκόμοις

554 988 679 1057 μουσεῖα
703 979 755 1043 ναὶ
780 978 882 1051 δάκους
905 978 1051 1059 ε’νίζννεειν
1074 977 1245 1056 ἑννβενίεω.

554 1096 586 1158 σὲ
609 1095 664 1158 τὰν
686 1094 861 1159 detherius
885 1092 974 1173 c'prrtx
998 1094 1127 1174 μεὶρρδδν

553 1211 661 1285 entim
685 1210 888 1291 δικρνέεσσκν,

554 1327 623 1399 ἔλθ’,
647 1322 667 1390 ὦ
691 1326 740 1391 tet
762 1321 864 1399 ἓενδεῖν
888 1324 994 1402 γενύων
1018 1323 1218 1406 ἑνενεζνμὲνκ,

554 1441 657 1522 θρήνοις
680 1442 762 1518 ἐμοῖς
786 1437 929 1521 ξυνεργός.

377 1557 449 1622 Non
480 1557 559 1620 sorte
591 1555 713 1634 accidit,
738 1555 858 1640 opinor,
884 1563 922 1619 ut
945 1555 1054 1619 comici
1079 1563 1109 1619 et
1132 1555 1243 1639 tragici
1269 1554 1360 1620 verba
1385 1578 1455 1620 con·

331 1673 461 1759 spirent.
485 1671 584 1735 Tanta
607 1680 654 1735 cst
678 1670 853 1735 similitudo
877 1678 913 1734 ut
937 1693 999 1735 non
1024 1672 1176 1764 possimus
1198 1694 1261 1736 non
1278 1673 1310 1736 in
1331 1692 1453 1736 causam

333 1787 499 1872 inquirere.
532 1785 652 1851 Imitari
677 1794 780 1850 autem
805 1786 986 1873 Euripidem
1013 1786 1240 1873 Aristophanes
1263 1811 1325 1853 nou
1350 1787 1456 1873 potuit

331 1926 402 1969 curn
446 1903 567 1968 Helena
610 1909 679 1989 post
720 1903 801 1967 Ares
836 1902 868 1966 in
900 1924 1021 1967 scenam
1053 1903 1216 1967 commissa
1249 1903 1300 1967 sit.
1333 1902 1456 1967 Helena

331 2020 412 2083 eninr
444 2017 534 2082 docta
566 2025 612 2081 est
645 2040 706 2082 una
739 2040 809 2081 cum
842 2017 1041 2082 Andromeda
1065 2018 1178 2101 (Schol.
1205 2016 1329 2082 Thesm.
1358 2019 1455 2099 1012)

331 2156 394 2198 uno
418 2142 490 2198 ante
513 2132 697 2218 'l'hesuroph
721 2155 803 2196 anno
826 2131 939 2202 (Schol.
966 2132 1091 2197 Thesm.
1119 2135 1215 2215 1000)
1242 2132 1340 2216 Atqui
1366 2131 1457 2196 Euri-

332 2250 420 2335 pides
445 2257 588 2313 mortuus
611 2257 656 2311 cst
683 2247 732 2311 Ol.
760 2251 812 2324 93,
838 2250 856 2309 3
880 2256 911 2311 et
930 2255 1011 2312 teste
1032 2247 1134 2312 Schol.
1155 2247 1279 2312 Thesm.
1296 2249 1457 2311 laesuro

332 2372 402 2449 post>
435 2362 557 2426 Thesm.
592 2385 684 2443 anno,
717 2362 754 2426 cs.
788 2362 889 2427 Schoi.
923 2362 1000 2426 Itan.
1027 2364 1079 2440 53,
1104 2361 1186 2426 unde
1210 2363 1354 2447 sequitur
1377 2361 1457 2426 hanc

332 2478 521 2543 comoediam
547 2476 667 2540 doctam
693 2501 758 2540 esse
784 2475 835 2540 01.
863 2480 914 2555 92,
943 2480 957 2540 1
983 2486 1015 2541 ct
1038 2477 1191 2542 Helenam
1217 2476 1267 2541 01.
1290 2479 1341 2556 al,
1362 2481 1393 2541 4.
1409 2477 1456 2539 ru

332 2592 452 2657 Arihus
486 2599 635 2655 memorat
666 2591 845 2677 hypothesis
876 2591 925 2655 ἐπὶ
957 2591 1232 2670 naeptessernina
1256 2593 1295 2665 εἰς
1317 2592 1405 2666 ἄστυ,
1433 2593 1454 2656 i.

331 2733 357 2772 e.
388 2709 439 2770 01.
474 2710 525 2786 ol,
560 2710 589 2770 2.
614 2705 660 2770 Cf.
687 2706 789 2771 Schol.
815 2709 872 2770 Ar.
898 2709 972 2770 345.
997 2706 1096 2770 Koek.
1121 2706 1204 2771 Eiul.
1229 2730 1258 2793 p.
1286 2709 1337 2770 32.
1363 2707 1453 2789 Quae

331 2844 402 2887 euru
437 2824 479 2887 ita
515 2823 579 2885 sint
609 2844 710 2906 neque
740 2822 904 2887 verisimile
935 2823 977 2887 sit
1008 2821 1189 2908 Euripidem
1214 2821 1453 2891 obtrectatorem

331 2960 425 3002 suum
460 2937 699 3022 Aristophanem
736 2936 891 3001 imitatum
928 2960 1003 3017 esse,
1039 2944 1215 3002 statuamus
1251 2959 1375 3002 necesse
1409 2944 1457 3002 est

331 3061 502 3137 utrumque
536 3058 657 3137 poetam
694 3075 710 3116 e
746 3052 901 3116 communi
932 3052 1071 3116 hausisse
1102 3053 1197 3130 tonte,
1236 3053 1319 3136 quod
1357 3053 1449 3116 etiam

330 3166 489 3232 Tacubero
514 3165 687 3231 ridebatur.
709 3165 846 3246 Quinam
871 3166 967 3232 fuerit
989 3167 1075 3231 latet.

375 3283 494 3346 Extant
517 3282 691 3367 complures
714 3288 875 3368 poetarum
900 3281 958 3347 loci
983 3283 1038 3367 qui
1062 3282 1186 3366 quidem
1209 3282 1361 3347 eiusmodi
1382 3290 1457 3347 sunt

332 3403 369 3462 ut
400 3420 436 3460 ex
465 3397 503 3461 iis
533 3419 639 3461 versus
662 3396 823 3484 Euripidis
847 3405 878 3462 et
903 3398 1122 3484 Aristophanis
1146 3420 1286 3462 rnauassc
1307 3399 1456 3463 affirmare

331 3534 393 3577 non
418 3513 527 3589 ausim,
552 3511 706 3576 nonnulla
732 3521 833 3577 tamen
859 3511 974 3577 hahent
998 3536 1067 3577 curn
1092 3513 1140 3577 his
1163 3515 1349 3578 communia.

378 3627 513 3692 (horum
539 3628 634 3691 ducat
659 3625 823 3704 Homerus,
848 3628 902 3712 qui
927 3627 987 3692 Od.
1014 3627 1091 3691 xlx
1118 3631 1180 3692 518
1205 3650 1270 3712 sqq.

554 3743 591 3815 ὡς
614 3741 640 3806 δ’
665 3741 713 3806 irs
736 3743 900 3822 Πρινδνιρέεν
924 3743 1005 3823 κρὺρν,
1032 3742 1159 3822 xmp-ris
1182 3744 1277 3816 ἀηδών

553 3858 644 3920 arhiv
667 3856 799 3936 ἀείδῃσιν
823 3855 903 3936 ἔρρεε
924 3857 982 3921 νέον
1006 3858 1179 3935 ierarchae,

555 3971 685 4051 δενδρέων
707 3973 737 4035 ἐν
761 3972 911 4036 ssrdrarrr
935 3973 1111 4053 κριδεζνριενν
1135 3981 1299 4046 πυκινοῖσιν,

555 4082 572 4156 ἥ
596 4109 629 4149 τε
652 4085 735 4163 θερμὰ
758 4092 899 4167 τρωπῶσα
922 4087 986 4168 χέεν
1009 4088 1166 4168 πνλννχένν
1188 4087 1296 4167 mariae,

554 4200 639 4265 πνῖδ
660 4203 853 4281 ὀλοφυρομένη
877 4199 992 4268 ”Iram
1014 4205 1110 4285 Φίλεν,
1134 4201 1164 4267 ἕν
1188 4226 1259 4269 ποτε
1282 4206 1392 4286 χαλκῷ

555 4323 648 4380 κτεῖνε
671 4315 707 4380 δι’
730 4317 881 4397 ἀφρνδίρς
905 4319 964 4383 uss.

377 4431 490 4496 Aeseh.
514 4432 623 4516 Agarn.
650 4433 752 4496 liar:
775 4427 820 4497 οἷαὶ
843 4455 887 4505 τες
909 4430 997 4507 &satir
1016 4431 1021 4522 Ι
1041 4433 1174 4512 ἑκόρετρς
1198 4432 1284 4509 aaa,
1305 4439 1375 4516 Φεῦ,
1400 4459 1455 4499 τει-
