3592 5484
358 601 420 663 124
714 618 1072 664 rausuoanoarazusas.

331 786 422 850 docet
455 787 690 873 Aristophanes,
721 787 778 874 qui
806 808 871 850 uon
901 785 994 850 modo
1024 786 1111 851 σε’δον
1143 787 1222 871 legit
1243 787 1296 852 sed
1319 787 1462 852 consulto
1542 873 1548 880 ·

332 900 550 964 difficultatem
584 901 674 963 auxit.
708 898 801 964 verbo
831 900 910 977 γάιος
940 898 1165 964 substituendo
1195 901 1277 963 ιοέν.
1308 899 1461 964 Consulto

330 1015 425 1078 etiam
455 1022 560 1088 λευκῆς
583 1037 653 1078 curu
679 1014 834 1092 Αἱγᾶστου
857 1014 973 1091 iunxit,
997 1014 1073 1101 quia
1096 1017 1242 1099 Aegypto
1266 1021 1348 1078 terra
1371 1014 1461 1100 nigra

331 1150 444 1192 nomen
468 1137 544 1191 crat.

331 1330 386 1396 Vs.
411 1323 483 1393 859
505 1352 572 1418 sqq.
605 1327 720 1394 Versus
743 1335 867 1393 tantum
892 1352 955 1394 non
979 1329 1169 1395 verbotenus
1191 1353 1228 1394 ex
1247 1330 1324 1395 Eur.
1339 1329 1461 1395 Helena

332 1445 457 1531 repetiti
488 1451 573 1508 sunt.
608 1443 661 1508 Vs.
695 1448 758 1507 859
782 1467 828 1531 sq.
853 1467 890 1506 ex
916 1443 988 1509 Hel.
1016 1447 1057 1507 16
1081 1467 1145 1532 sq.;
1168 1467 1213 1508 vs.
1239 1447 1303 1508 862
1327 1467 1364 1509 cx
1388 1444 1460 1510 Hel.

334 1563 395 1638 22;
429 1583 471 1622 rs.
503 1561 567 1621 864
598 1581 643 1646 sq.
675 1581 712 1621 ex
742 1557 814 1622 Hel.
850 1562 890 1620 52
922 1582 984 1646 sq.;
1018 1582 1062 1621 vs.
1088 1561 1152 1621 866
1176 1580 1214 1621 ex
1238 1557 1309 1622 Hel.
1335 1562 1394 1638 493
1417 1583 1461 1623 rs.

334 1676 397 1735 868
422 1694 460 1735 ex
484 1670 555 1735 Hel.
583 1674 634 1735 56.

334 1859 386 1925 Vs.
412 1854 494 1925 870.
595 1861 639 1938 μὴ
662 1866 782 1938 ψεῦσον,
805 1855 827 1923 ὦ
851 1865 916 1933 Ζεῦ,
941 1869 996 1933 τῆς
1018 1859 1155 1934 ἐπιούσης
1178 1860 1307 1933 ἐλπίδος.

376 1973 415 2038 In
451 1973 572 2038 Helena
607 1974 687 2037 nihil
719 1973 901 2037 huiusmodi
932 1975 1099 2058 reperitur.
1132 1972 1238 2037 t‘inxit
1271 1973 1345 2038 haec
1368 1973 1461 2038 verba

334 2091 390 2152 Ar.
423 2087 462 2151 ad
485 2110 622 2152 normam
647 2089 723 2152 dicti
747 2086 833 2151 Pelei
859 2088 890 2151 in
914 2088 1054 2151 dramate
1078 2086 1252 2172 Sophocleo
1274 2095 1318 2164 μῆ
1341 2093 1459 2169 ψεῦσον,

332 2197 354 2265 ὦ
387 2208 453 2274 Ζεῦ,
491 2203 533 2278 μή
567 2204 601 2278 μ’
631 2201 699 2280 &apa
727 2201 797 2265 ἄνευ
827 2203 913 2282 δορές,
938 2223 1019 2289 quae
1043 2201 1139 2264 dictio
1163 2223 1182 2264 a
1205 2201 1395 2265 Graecorum
1417 2201 1461 2266 lo·

334 2314 451 2398 quendi
491 2337 550 2377 usu
590 2314 691 2379 aliena
726 2324 773 2378 est
809 2323 839 2378 et
878 2339 945 2379 eam
984 2315 1083 2400 ipsam
1115 2314 1155 2378 ob
1183 2337 1307 2378 causam
1336 2313 1374 2378 ab
1404 2318 1459 2379 Ar.

335 2430 483 2513 carpitur.
507 2428 603 2491 Extat
625 2429 759 2493 alterum
779 2429 854 2493 talis
873 2431 1051 2516 imperativi
1071 2430 1260 2514 exemplum,
1279 2430 1323 2507 μὴ
1336 2431 1460 2507 νόμισον,

333 2541 416 2629 quod
438 2543 470 2605 iu
491 2544 626 2606 Antiatt.
650 2542 761 2621 Bekk„
785 2543 942 2629 fr.·Soph.
968 2546 1029 2606 441
1060 2543 1099 2606 D.
1124 2549 1190 2607 454
1215 2542 1268 2623 N„
1291 2545 1386 2608 etiam
1408 2543 1462 2608 So

334 2650 452 2740 phoclis
474 2655 567 2720 Peleo
591 2657 753 2721 tribuitur.
773 2657 879 2737 Recte,
900 2680 968 2721 meo
989 2656 1118 2735 iudicio,
1138 2656 1310 2721 arbitratur
1321 2656 1461 2722 Fritschc

332 2771 569 2852 grammaticum
600 2794 714 2835 errasse
749 2778 782 2835 et
812 2771 856 2848 μὴ
888 2771 1005 2848 νόμισον
1036 2772 1155 2835 comico
1185 2770 1362 2854 Thugcnidi
1394 2794 1460 2836 csse

331 2881 536 2960 reddendum,
570 2892 606 2946 ut
632 2893 761 2970 apparet
784 2908 801 2948 e
824 2883 913 2948 Suid.
939 2885 972 2948 iu
994 2907 1023 2946 v.
1050 2884 1094 2961 μὴ
1118 2886 1233 2961 νόμισον
1256 2897 1288 2948 ct
1312 2883 1403 2948 Phoc.
1426 2907 1458 2970 p.

333 2997 407 3076 aar,
433 3001 462 3059 a.

332 3183 386 3250 Vs.
413 3177 493 3249 871.
595 3188 640 3257 τίς
662 3187 746 3251 τῶνδ’
770 3188 896 3266 ἐρυμνῶν
920 3185 1066 3263 δωμὶτων
1089 3186 1154 3266 ἔχει
1178 3188 1291 3267 κράτος,

600 3298 678 3372 ὅστις
699 3298 797 3374 ξένους
820 3297 937 3374 δέξοιντο
961 3301 1067 3380 ποντίῳ
1089 3300 1173 3378 σιέλῳ

599 3414 768 3490 ια’μνοντιις
791 3415 820 3477 ἐν
843 3420 969 3494 χειμῶνι
993 3413 1043 3477 xxi
1066 3414 1241 3490 νιινηίσιςς

376 3524 448 3589 Hel.
475 3529 515 3588 63
538 3528 583 3597 σί,-
605 3564 650 3573 -
672 3527 784 3604 κράτος.
811 3525 884 3590 Duo
907 3527 1058 3612 postremi
1078 3548 1185 3590 versus
1206 3526 1237 3589 iu
1258 3524 1379 3590 Helena
1396 3549 1459 3591 nou

332 3639 493 3723 leguntur.
514 3640 634 3722 Engcr:
655 3663 722 3717 „cx
742 3640 906 3724 deperdita
923 3641 1032 3728 aliqua
1049 3639 1213 3725 Euripidis
1224 3638 1330 3703 fabula
1342 3641 1460 3726 sumpti

331 3754 437 3817 sunt.”
460 3752 549 3817 Idem
572 3756 750 3839 suspicatur
775 3754 898 3818 Nauck.
923 3755 960 3818 ir.
985 3755 1036 3818 ad.
1062 3756 1115 3817 43.
1141 3757 1185 3817 at
1197 3752 1390 3839 probabilius
1401 3764 1459 3833 est,

332 3869 386 3931 Ar.
412 3867 468 3931 hos
492 3890 596 3931 versus
621 3869 744 3932 tinxisse
768 3877 806 3932 ut
830 3891 873 3932 vs.
899 3869 975 3943 877,
1002 3872 1066 3930 855
1092 3890 1158 3954 sqq.
1182 3865 1293 3931 Libere
1315 3869 1408 3947 enim,
1422 3876 1460 3932 ut

332 4005 349 4046 c
390 3984 618 4068 comparatione
662 4006 732 4047 cum
775 3983 899 4047 Helena
938 3984 1043 4047 videre
1074 3991 1131 4058 cst,
1164 3980 1304 4045 versibus
1334 3983 1461 4067 tragicis

333 4097 446 4172 utitur,
466 4097 601 4182 plurima
624 4098 689 4182 ipse
713 4099 842 4180 fingens.

207 4344 212 4352 ·
332 4305 387 4370 Vs.
413 4299 484 4371 874
507 4332 572 4396 sqq.
596 4308 643 4371 Ex
667 4309 742 4372 Eur.
768 4308 898 4372 Helena.
920 4307 977 4372 Vs.
1002 4310 1068 4372 874
1094 4307 1271 4371 conferatur
1291 4328 1363 4371 cum
1387 4306 1458 4371 Hel.

334 4423 418 4498 4603
451 4425 514 4485 878
546 4445 617 4486 cum
648 4424 721 4487 Hel.
754 4426 813 4486 461
850 4423 988 4507 (insolita
1011 4422 1110 4486 forma
1135 4421 1242 4485 Ionica
1259 4421 1461 4498 πεπλώκαμεν
