3592 5484
365 642 427 704 130
726 657 1085 703 uussuonnonmznsre.

342 832 516 891 contortam
541 849 578 890 ex
603 826 686 890 bisce
710 827 928 891 Andromedae
951 827 1061 912 pannis
1081 848 1230 890 consuere
1250 848 1429 912 possumus,
1443 833 1476 892 et

343 964 415 1004 cnm
456 942 614 1017 λιτομέναν
649 948 681 1005 et
712 942 885 1020 Φλέγινταν
915 963 987 1006 cum
1019 941 1127 1017 γοᾶσθέ
1159 966 1200 1018 με
1231 942 1320 1024 iungi
1351 942 1474 1028 possint

342 1056 467 1139 (melius
491 1057 585 1119 etiam
607 1057 750 1132 λιτιμένα
774 1079 845 1119 cum
868 1056 1019 1137 πέπονθα),
1044 1077 1107 1119 non
1131 1077 1210 1141 opus
1235 1064 1283 1120 est
1305 1079 1379 1120 cum
1399 1055 1476 1120 Din-

343 1169 440 1234 dorfio
462 1170 612 1255 suspicari
636 1177 710 1233 ante
733 1174 824 1249 φῶτα
847 1169 968 1254 ahquid
993 1168 1153 1234 excidisse.

389 1284 588 1349 Andromeda
618 1283 721 1349 verbis
749 1289 839 1364 φῶτα
862 1284 923 1348 κτὲ.
948 1291 1068 1369 patrem
1092 1283 1174 1347 dixit
1197 1283 1245 1348 vel
1269 1306 1343 1348 eum
1367 1306 1385 1346 a
1409 1306 1473 1369 quo

342 1398 380 1461 ad
412 1399 575 1484 scopulum
608 1398 737 1483 alligata
769 1407 853 1476 erat3
886 1398 1100 1463 Mnesilochus
1130 1392 1475 1483 Euripidem,'memor

343 1513 497 1577 malorum
529 1536 610 1598 quae
641 1513 680 1577 ab
713 1536 749 1577 eo
782 1536 908 1597 gemens
932 1513 1169 1596 lamentansque
1194 1536 1304 1600 passus
1328 1522 1405 1592 erat,
1430 1536 1475 1578 vs.

345 1630 409 1688 222
434 1650 512 1712 sqq,
538 1650 631 1711 quam
657 1629 681 1690 si
707 1627 875 1712 relegimus
899 1626 1076 1691 comoediae
1107 1634 1228 1713 partem
1252 1634 1384 1714 apparet
1405 1627 1473 1692 falli

342 1740 546 1819 Fritschium,
568 1742 623 1825 qui
650 1748 686 1804 ut
709 1740 819 1827 probet
841 1742 890 1805 τὲν
913 1744 1004 1822 <priua
1029 1740 1174 1825 Scytham
1197 1741 1477 1819 essc:„b1nesilo-

341 1855 452 1932 „chus
479 1856 607 1919 minime
628 1855 811 1940 Euripidem
835 1863 999 1938 rogaverat
1022 1876 1124 1938 neque
1150 1854 1376 1933 obsecraverat,
1398 1857 1476 1921 adeo

342 1976 409 2046 „ut
432 1991 536 2053 nugae
560 1971 638 2032 istae
660 1979 757 2053 atque
782 1968 951 2047 mendacia,
976 1974 1066 2049 Φῶτα
1085 1968 1293 2054 (Euripidem)
1315 1969 1474 2047 λιτιμέναν

347 2083 451 2161 „ferri
475 2084 566 2148 nullo
590 2085 684 2149 modo
706 2085 855 2168 queant.''

343 2296 396 2360 Vs.
426 2289 517 2360 1047
542 2319 610 2381 sqq.
646 2297 676 2359 it
701 2297 804 2375 μείνας
827 2295 958 2374 ἄτεγκτε
980 2297 1100 2373 δαῖμον·
1124 2297 1185 2360 xri.

388 2413 588 2495 Quamquam
600 2420 684 2475 tacet
696 2412 868 2476 Scholiasta
880 2411 956 2475 haec
968 2413 1034 2475 sine
1043 2409 1139 2476 dubio
1147 2411 1321 2496 Euripiden
1331 2410 1474 2475 habenda

342 2535 427 2592 suut.
454 2525 504 2590 Ad
529 2529 615 2590 1048
638 2525 783 2590 observat
807 2524 858 2590 Fr.
881 2524 974 2590 verba
997 2527 1042 2589 ita
1064 2524 1103 2589 ab
1127 2527 1181 2588 Ar.
1207 2533 1330 2588 mutata
1350 2548 1417 2589 esse
1437 2532 1475 2588 ut

340 2640 435 2726 plane
465 2641 622 2705 contraria
651 2641 797 2705 eraderet
820 2640 985 2703 sententia.
1010 2638 1241 2703 Andromedam
1266 2639 1472 2702 exclamasse:

340 2758 385 2829 τίς
408 2758 479 2833 ἐμὸν
503 2752 550 2820 οὖν
573 2756 719 2835 ἕτθφεται
741 2756 802 2819 κτὲ.
829 2755 875 2819 Ex
898 2756 980 2836 erepit
1003 2755 1174 2835 τριτδικίαν
1198 2753 1305 2818 addito
1329 2757 1379 2818 τὲν
1398 2753 1474 2831 Bate·

341 2871 431 2950 βαμν
461 2894 504 2936 vs.
536 2873 619 2934 1051
645 2869 824 2955 (Euripides
847 2870 975 2935 fortasse
998 2870 1054 2933 ταν
1077 2869 1218 2948 δύσμορον
1243 2867 1284 2932 Ν.
1309 2868 1360 2932 rel
1382 2868 1471 2945 τθμ·

341 3010 426 3065 μιμν
456 2984 520 3069 Fr.)
552 2985 715 3071 probabile
743 2987 779 3048 fit
808 2985 863 3049 εἴθε
890 3009 931 3062 με
953 3022 998 3032 -
1020 2981 1177 3058 ἐξολέσειεν
1200 2984 1267 3068 ipsa
1291 3006 1356 3046 esse
1381 2981 1473 3047 Euri·

338 3099 422 3184 pidis
444 3098 548 3164 verba.

387 3212 529 3278 Obscura
558 3222 634 3278 sunt
662 3235 743 3298 quae
775 3213 807 3277 in
839 3213 900 3277 fine
924 3212 1019 3276 huius
1042 3211 1207 3276 monodiae
1230 3211 1383 3295 leguntur
1406 3225 1473 3274 λιιι·

339 3329 488 3405 pertun?
522 3367 568 3375 —
602 3329 724 3408 πορείαν.
759 3326 917 3391 Fritache:
946 3325 1133 3403 λαιμότμητ’
1166 3323 1231 3404 ἄχη
1263 3324 1389 3400 δαιμόνι’
1412 3324 1474 3389 αι’θ-

337 3457 394 3505 λαν
415 3439 420 3530 l
440 3442 551 3505 νέκυσιν
583 3441 632 3505 ἔτι
663 3442 788 3521 τορείαν,
821 3443 865 3504 ita
888 3448 924 3504 ut
948 3439 1013 3519 ἄχη
1037 3447 1070 3503 et
1093 3439 1207 3519 τορείαν
1230 3439 1385 3523 appositio
1409 3439 1474 3503 sint

341 3557 556 3641 praecedentis
580 3558 617 3627 ἐς
640 3555 831 3635 ἐκρεμθσθνν,

377 3669 468 3750 Quae
491 3670 633 3754 legitima
658 3677 741 3734 certe
761 3678 809 3732 est
831 3669 1034 3744 constructio,
1056 3668 1094 3731 cl.
1113 3667 1189 3730 Eur.
1213 3667 1312 3731 Andr.
1329 3669 1404 3730 202.
1422 3665 1470 3731 El.

332 3786 415 3861 aab
452 3786 509 3849 sed
542 3807 619 3848 num
652 3785 751 3864 τιρειά
782 3784 832 3848 ἐπὶ
856 3784 968 3847 νέκυσιν
992 3783 1022 3845 b.
1050 3782 1070 3844 l.
1097 3781 1253 3845 Graecum
1277 3782 1317 3844 sit
1342 3778 1465 3845 dubito.

335 3898 436 3962 Allert
474 3898 616 3963 Fritsche
645 3900 777 3975 ιὶτθγειν
807 3898 860 3969 τὴν
892 3897 941 3960 ἐτὶ
974 3899 1097 3975 θανάτῳ,
1129 3894 1215 3979 quod
1247 3904 1354 3959 tamen
1377 3918 1469 3981 argu·

336 4021 444 4077 mento
469 4037 534 4078 esse
558 4015 671 4097 nequit
678 4041 687 4091 3
713 4013 837 4083 θιίνατις
861 4013 944 4075 enim
968 4033 1030 4075 non
1055 4010 1142 4075 lucus
1166 4018 1215 4074 est
1238 4031 1301 4093 quo
1325 4011 1397 4094 quis
1422 4009 1473 4074 ab

338 4126 478 4206 ducitur,
511 4136 543 4192 et
573 4127 624 4192 ἒτὶ
655 4128 771 4207 θανάτῳ
802 4125 903 4189 valet:
928 4135 963 4189 at
986 4128 1140 4204 moriatur,
1165 4147 1194 4187 ν.
1219 4147 1245 4188 c.
1267 4123 1348 4188 Xen.
1370 4123 1472 4188 Anab.

333 4240 350 4304 Ι
388 4244 419 4318 6,
455 4243 514 4305 10:
547 4240 658 4318 ἕλαβιν
692 4250 747 4315 τῆς
770 4240 863 4321 ζώνης
887 4242 935 4304 τὸν
959 4238 1101 4318 Ὀρθνταν
1124 4236 1175 4302 ἐπὶ
1200 4237 1325 4318 θανάτῳ.
1352 4237 1470 4302 Herod.

331 4353 380 4416 lx
409 4356 471 4419 37:
496 4354 605 4429 ἔδησαν
630 4355 680 4420 ἐπὶ
705 4355 831 4435 θανάτῳ,
854 4353 909 4419 ΠΙ
935 4356 1018 4417 119:
1043 4353 1129 4426 ἔδησε
1148 4352 1202 4425 τὴν
1224 4351 1275 4416 ἕτὶ
1300 4352 1425 4433 θανάτῳ.

378 4467 480 4533 Locos
503 4469 621 4553 quibus
643 4468 799 4556 probetur
821 4468 871 4534 ε’τὶ
895 4468 1007 4532 νὲιιντιν
1031 4465 1100 4545 „ad
1121 4464 1256 4531 inferos”
1276 4464 1378 4530 valere
1395 4466 1474 4530 irus-
