3592 5484
852 669 941 714 aras.
1389 656 1431 719 95

330 890 351 920 ‚,
359 837 504 921 πυρφόρον
532 837 660 903 tertiam
682 836 777 901 luisse
798 837 999 902 crediderunt
1021 838 1207 921 tetralogiac
1228 837 1376 920 tabulam,
1401 863 1455 904 no·

331 955 445 1033 „mine
467 976 537 1018 non
567 958 696 1038 propter
724 951 844 1016 furtum
867 951 947 1036 ignis
970 951 1125 1037 imposito,
1150 951 1206 1016 sed
1229 954 1269 1018 ad
1291 953 1454 1031 λομποοδο-

331 1067 493 1149 ,,δρομίοος,
518 1064 652 1129 Athenis
674 1064 707 1129 in
729 1064 877 1129 honorem
899 1063 1078 1130 Promethei
1098 1066 1268 1149 quotannis
1287 1066 1456 1131 celebratas

331 1232 351 1262 „
361 1178 522 1247 referendo
528 1207 538 1258 3
558 1178 643 1264 quod
662 1179 844 1242 institutum
864 1180 1026 1243 memorari
1038 1185 1162 1265 poterat
1173 1179 1206 1244 in
1219 1186 1356 1245 extrema
1368 1187 1456 1265 parte

331 1304 416 1387 „sst-
439 1291 580 1372 λυομένου
602 1293 648 1377 (in
671 1313 733 1376 qua
757 1292 850 1355 etiam
873 1292 911 1357 de
934 1291 1241 1357 corona'Promethei
1257 1316 1357 1359 sermo
1377 1294 1456 1359 fuit:

331 1407 425 1490 „vid
458 1407 495 1472 ir.
529 1408 616 1490 204),
646 1413 685 1470 ut
706 1396 843 1470 ⁴honores
872 1405 1093 1471 Euminidibus
1117 1405 1253 1472 habendi
1276 1408 1309 1472 in
1332 1408 1394 1473 fine
1415 1408 1458 1472 fa·

208 1555 209 1558 ¹
332 1520 457 1602 „balae
481 1520 683 1606 cognominis,
707 1541 787 1603 quae
810 1518 953 1584 sollemni
973 1541 1087 1606 pompa
1107 1521 1278 1602 clauditur,
1299 1544 1459 1607 exponun·
1511 1561 1514 1567 ·

332 1685 353 1717 „
362 1642 426 1715 tur,
457 1633 511 1699 sed
541 1633 698 1718 quomodo
728 1633 867 1718 integrae
894 1634 1071 1718 tragoediae
1100 1636 1340 1721 componendae,
1365 1635 1458 1720 eique

277 1812 278 1815 ,
333 1749 421 1829 „tali
451 1747 560 1832 quales
591 1745 763 1832 Aeschylus
792 1747 891 1811 iacere
913 1746 1042 1826 solebat,
1066 1749 1206 1814 sufficere
1228 1750 1369 1835 potuerit
1392 1758 1456 1815 non

333 1861 584 1951 „perspicitur”

380 1976 475 2058 Quod
500 1975 693 2040 verissimum
717 1980 772 2038 est.
795 1975 839 2038 At
861 1982 1003 2061 superest
1025 1974 1217 2062 Westphalii
1241 1977 1279 2042 de
1303 2000 1363 2042 usu
1382 1984 1459 2042 tem·

333 2092 418 2178 poris
441 2089 572 2176 perfecti
594 2086 777 2153 observatio.
802 2088 891 2170 Quae
913 2090 1043 2154 minime
1066 2089 1261 2174 neglegenda
1280 2097 1337 2169 est,
1358 2113 1459 2175 neque

334 2203 512 2271 dubitarem
535 2204 570 2268 in
593 2203 764 2267 doctissimi
786 2203 945 2288 scriptoris
967 2205 1156 2292 sententiam
1179 2203 1312 2290 pedibus
1334 2205 1460 2269 irenisi

334 2318 477 2404 graviora
497 2315 666 2381 obstarent.
691 2314 807 2380 Vereor
825 2317 907 2380 enim
925 2339 976 2394 nc,
996 2317 1022 2380 si
1034 2315 1268 2402 Wcstphalium
1281 2339 1459 2401 sequamur,

335 2431 470 2517 Scyllam
493 2429 651 2515 fugientes
672 2430 707 2494 in
731 2428 906 2514 Charybdin
931 2429 1122 2495 delahamur.
1144 2429 1228 2494 Nam
1245 2431 1358 2496 misere
1377 2430 1460 2496 clau·

310 2530 421 2610 ιοἰίοοιυ
450 2544 578 2629 trilogia
607 2545 634 2607 si
663 2543 779 2629 primae
810 2544 986 2629 tragoediae
1013 2566 1074 2609 non
1100 2544 1192 2631 culpa
1216 2545 1271 2612 sed
1293 2567 1394 2632 poena
1415 2567 1461 2610 ar·

334 2666 523 2745 gumentum
553 2657 660 2737 luerit,
690 2657 775 2742 qnod
802 2656 946 2721 Nauckio
973 2679 1099 2742 quoque
1129 2659 1230 2723 risum
1259 2659 1384 2743 estqui
1407 2657 1459 2723 Pr.

299 2821 301 2826 -
335 2780 415 2857 trag.
433 2792 471 2858 p.
495 2771 557 2835 47:
581 2769 675 2850 „Vix
698 2770 796 2854 igitur
818 2768 956 2834 dubitari
978 2777 1081 2856 potest
1104 2772 1183 2854 quin
1205 2771 1340 2857 primum
1365 2772 1461 2837 huius

334 2885 510 2970 „trilogiae
546 2884 652 2949 locum
683 2885 821 2949 tenuerit
850 2884 1002 2966 πυρφόρος,
1034 2883 1173 2949 medium
1205 2885 1369 2964 δεσμώτης,
1401 2892 1462 2950 ter·

334 2995 642 3080 „tiumtvdraaaca”
688 2994 691 3001 ’

380 3110 461 3176 Cum
492 3119 600 3175 autem
631 3133 650 3175 a
674 3111 885 3196 grammaticis
906 3111 1084 3197 saepissime
1106 3119 1164 3176 aut
1186 3111 1312 3177 inscitia
1334 3118 1390 3177 ant
1415 3111 1461 3176 in-

336 3226 423 3291 curia
443 3232 609 3311 peccatum
632 3246 698 3289 esse
720 3230 850 3305 constet,
874 3231 1012 3289 statuere
1032 3224 1139 3289 malim
1157 3224 1209 3289 hio
1226 3247 1352 3310 qnoque
1372 3223 1465 3290 Scho-

336 3340 462 3404 liastam
485 3345 543 3402 aut
565 3360 681 3402 errasse
702 3337 843 3419 πυρφόρον
863 3360 919 3423 pro
938 3337 1068 3420 λυομένῳ
1080 3338 1278 3419 scribentem,
1291 3345 1347 3402 aut
1360 3339 1464 3403 minus

336 3460 492 3529 accurate,
517 3473 588 3515 oum
608 3451 745 3537 perfecto
768 3450 899 3515 δεδέσθαι
917 3459 1071 3532 uteretur,
1093 3474 1181 3516 suam
1201 3453 1381 3517 enuntiasse
1392 3474 1464 3516 sen·

336 3567 480 3631 tentiam.

381 3789 450 3854 Iam
473 3791 638 3855 redeamus
662 3789 702 3855 ad
725 3789 807 3854 Aves
829 3799 861 3854 et
882 3791 1043 3856 videamus
1068 3813 1162 3875 quam
1186 3793 1337 3857 concinne
1360 3790 1463 3857 omnia

337 3905 524 3970 cohaereant
556 3912 588 3968 et
616 3925 710 3988 quam
741 3911 812 3989 apte
834 3904 935 3968 multa
958 3905 1158 3990 interpretari
1180 3907 1333 3991 possimus
1355 3907 1381 3971 si
1404 3913 1465 3970 tra·

338 4019 467 4106 gocdiae
501 4018 541 4082 de
575 4039 638 4102 qua
669 4017 806 4082 diximus
834 4017 993 4103 parodiam
1024 4018 1099 4083 huic
1122 4019 1239 4083 Avium
1261 4020 1344 4105 parti
1366 4021 1465 4084 inesse

335 4132 493 4219 ponimus.
525 4129 559 4194 si
590 4129 676 4223 nihil
704 4129 793 4194 aliud
822 4130 923 4195 voluit
953 4139 1046 4217 poeta
1073 4131 1136 4197 nisi
1159 4132 1326 4197 cachinnos
1348 4130 1466 4197 theatri

336 4266 530 4312 commovere
553 4242 689 4308 ridiculo
708 4243 810 4308 herois
830 4266 900 4308 cum
920 4243 1260 4310 umbellaambulantis
1275 4246 1464 4332 spectaculo,

336 4381 468 4448 persona
502 4355 685 4422 Promethei
719 4379 776 4422 vss.
809 4359 895 4421 1494
924 4378 990 4442 sqq.
1023 4348 1150 4424 omnino
1182 4366 1231 4424 est
1253 4367 1307 4433 τῆς
1329 4364 1469 4440 Φορτικῆς
1514 4367 1516 4372 “

335 4473 503 4556 κωμῳδίας,
540 4495 622 4559 quae
655 4472 682 4538 si
715 4494 777 4538 non
812 4471 852 4538 ab
874 4472 1019 4539 omnibus
1043 4473 1266 4561 Aristophanis
1288 4475 1466 4558 comoediis,
