3592 5484
836 621 954 666 arura.
1173 599 1175 603 ’
1372 603 1434 664 189

376 789 511 854 vexavit
534 789 584 854 hic
607 789 694 854 locus
718 797 837 852 veteres
860 789 1047 873 interpretes
1065 796 1104 851 ut
1122 810 1179 852 nos
1199 788 1313 852 docent
1332 788 1457 852 scholia.

331 903 372 968 In
403 904 479 967 Rev.
511 902 641 986 aliisque
665 901 826 966 codicibus
849 902 1041 987 adscriptum
1067 908 1131 965 est:
1158 901 1266 981 Ἱερὲως
1290 903 1364 973 τινὸς
1387 903 1458 966 ἀκι-

332 1019 497 1088 melotam
522 1017 603 1096 αὐτῷ
627 1015 785 1093 μέμνητνιι.
811 1014 872 1078 Sed
896 1016 1040 1098 quisnam
1066 1016 1162 1078 fuerit
1185 1015 1240 1078 ille
1264 1015 1405 1079 sacerdos
1428 1023 1460 1079 et

332 1130 417 1196 unde
438 1130 560 1194 venerit
582 1152 644 1194 non
666 1136 763 1214 patet.
788 1128 978 1193 Scholiastae
1002 1130 1106 1214 opinio
1130 1128 1212 1192 nihil
1236 1137 1283 1192 est
1306 1130 1367 1193 nisi
1390 1151 1461 1193 con-

333 1246 453 1310 iectura
484 1266 546 1327 qua
574 1266 653 1329 opus
685 1266 749 1307 esse
780 1242 993 1307 arbitrabatur
1022 1251 1059 1306 ut
1084 1243 1169 1307 hunc
1193 1265 1316 1307 versum
1341 1251 1373 1305 ct
1397 1244 1460 1306 308

299 1395 300 1399 =
334 1358 513 1444 explicaret.
550 1357 681 1442 Opinati
713 1365 787 1420 sunt
817 1356 883 1436 alii,
915 1357 1030 1441 quibus
1054 1357 1224 1421 assentitur
1247 1356 1363 1440 Enger,
1389 1355 1462 1419 Dio

333 1495 445 1558 nysum
469 1494 575 1536 revera
598 1472 773 1555 confugisse
797 1472 836 1535 ad
859 1471 1048 1535 sacerdotem
1074 1470 1198 1549 Bacchi,
1222 1472 1278 1555 qui
1307 1472 1340 1534 in
1364 1471 1464 1556 prima

333 1585 460 1651 sedebat
483 1608 584 1650 cavea.
610 1585 713 1666 Quam
738 1587 927 1648 sententiam
948 1586 1016 1648 iure
1036 1586 1233 1670 impugnavit
1252 1584 1353 1648 Kock.
1374 1585 1464 1666 Quae

335 1698 425 1763 addit
448 1698 620 1762 Scholiasta
643 1698 797 1779 Φαίνιντνιι
821 1699 851 1762 δὲ
875 1699 926 1762 οὐκ
950 1693 1020 1761 rivus
1044 1698 1093 1762 ἐπὶ
1118 1698 1311 1775 raincarius,
1332 1698 1464 1762 ἄλλ’ἑπὶ

335 1821 388 1887 τῆς
424 1813 598 1893 ὀρχήστραις,
633 1815 662 1876 ἐν
692 1809 709 1891 ᾖ
741 1813 753 1875 ἑ
785 1819 922 1884 Διόνυσος
952 1812 1037 1888 ἐνέβη
1068 1811 1120 1876 axi
1145 1813 1157 1875 ὁ
1183 1818 1276 1884 πλοῦς
1300 1812 1464 1876 infestatae

336 1927 403 1991 sine
426 1926 492 1990 ulla
516 1949 608 1990 causa
632 1927 703 1990 ficta
727 1933 812 1988 sunt.
834 1924 964 1989 Frustra
986 1925 1063 1989 haec
1083 1926 1186 1988 omnia
1206 1933 1371 1989 tentarunt
1391 1948 1463 1989 cum

336 2064 385 2106 res
417 2041 579 2125 perspicua
606 2041 655 2103 sit.
690 2040 778 2103 Sicut
809 2040 892 2103 enim
916 2040 1090 2104 sacerdotes
1113 2040 1207 2103 deum
1232 2039 1397 2124 implorare
1421 2063 1466 2103 so·

337 2154 415 2232 lent,
452 2176 537 2218 nunc
573 2153 650 2217 deus
678 2152 845 2239 Dionysus,
877 2155 932 2237 qui
964 2178 995 2217 so
1027 2156 1093 2239 ipse
1121 2156 1154 2218 in
1179 2155 1332 2218 auxilium
1357 2176 1466 2219 vocare

342 2269 466 2352 nequit,
497 2269 695 2332 sacerdotem.
728 2268 774 2330 Cf.
800 2267 956 2331 Kochium
981 2292 1008 2332 a.
1034 2268 1065 2331 h.
1090 2269 1111 2330 l.
1136 2268 1230 2332 Nihil
1254 2268 1340 2332 aliud
1364 2269 1466 2332 voluit

345 2386 401 2448 Ar.
434 2405 528 2465 quam
558 2389 660 2466 partes
689 2393 865 2467 permutare
889 2404 992 2464 neque
1016 2383 1120 2444 minus
1144 2382 1273 2445 festivus
1297 2388 1378 2446 esset
1401 2383 1468 2446 eius

340 2497 427 2561 iocus
450 2497 476 2559 si
501 2495 610 2559 nullus
634 2496 666 2559 in
691 2496 812 2558 theatro
836 2495 988 2559 adfuisset
1011 2495 1160 2559 sacerdos.

383 2610 505 2674 Erroris
539 2632 645 2673 ansam
680 2609 776 2687 dedit,
808 2610 841 2672 ni
872 2609 974 2689 fallor,
1005 2610 1080 2673 falsa
1112 2610 1331 2694 interpretatio
1361 2632 1468 2674 versus

343 2726 417 2788 308.
444 2722 536 2787 Metu
558 2722 710 2787 liberatus
734 2723 886 2786 exclamat
911 2723 1084 2807 Dionysus:

586 2835 659 2914 ciaet
682 2836 790 2908 τιὶλιις,
813 2838 850 2907 ὡς
875 2838 997 2917 ὠχριᾶν
1022 2836 1115 2908 αὐτὴν
1137 2837 1211 2910 ἰδών,

386 2952 448 3017 Cui
472 2952 640 3037 respondet
663 2950 837 3015 Xanthias:

588 3066 628 3129 ddi
652 3066 683 3130 δὲ
707 3066 803 3137 δείσας
829 3066 1049 3146 ὑπερεπυρρίκσὲ
1071 3090 1132 3130 σου.

388 3180 468 3260 Quis
491 3186 538 3244 est
560 3179 629 3248 iti?
653 3181 894 3266 Responderunt
917 3181 971 3244 alii
997 3181 1098 3245 aliter.
1124 3180 1284 3266 Plerique,
1309 3181 1469 3247 Hemster·

342 3295 424 3374 huis,
456 3294 606 3373 Fritsche,
636 3294 735 3374 Koch,
759 3295 976 3358 assentiuntur
1000 3295 1204 3378 grammatico
1227 3297 1283 3379 qui
1307 3297 1470 3360 annotavit

342 3432 386 3472 vs.
414 3411 495 3472 308:
521 3407 533 3472 ὃ
557 3415 608 3473 τοῦ
635 3409 771 3473 Διονύσου
794 3409 889 3489 ἱερεύς.
915 3411 1016 3489 πυρρὸς
1040 3409 1097 3489 γὰρ
1118 3405 1151 3482 ἦν
1170 3411 1251 3474 aava
1272 3410 1370 3487 Φύσιν.
1387 3411 1471 3475 Aris·

344 3522 470 3586 tarchus
506 3523 631 3607 putavit
665 3521 702 3585 de
738 3546 770 3585 se
801 3522 867 3607 ipso
899 3523 986 3605 loqui
1019 3522 1201 3602 Xanthiam,
1234 3523 1286 3587 axi
1318 3526 1376 3604 yria
1401 3524 1470 3588 διότι

345 3638 455 3717 πυρρὸς,
480 3634 567 3708 οὕτως
591 3631 806 3713 tetrasticon,
830 3637 960 3715 κκθιὶπερ
982 3638 1103 3716 Hostias
1124 3637 1175 3700 axi
1196 3639 1361 3717 Σμικρίνης.
1381 3637 1471 3701 Ixion

344 3757 452 3813 contra
481 3749 617 3831 aliquem
649 3772 685 3811 ex
716 3749 913 3812 auditoribus
937 3751 1012 3834 peti.
1041 3750 1132 3813 Alius
1156 3751 1247 3814 cuius
1271 3773 1384 3814 nornen
1408 3774 1471 3815 non

346 3861 483 3942 additur,
514 3871 662 3946 reputans
691 3861 748 3925 snb
782 3864 1001 3947 Aristophanis
1025 3863 1216 3928 dictionibus
1242 3863 1473 3930 obscurioribus

345 3999 435 4061 saepe
458 3978 541 4040 iocos
565 3976 668 4040 minus
691 3977 836 4039 honestos
860 3977 966 4055 latere,
992 3979 1031 4040 de
1055 3982 1146 4057 πνρρῴ
1171 3980 1265 4057 αἰδοίῳ
1290 3979 1448 4062 cogitavit.

391 4091 511 4154 Harum
544 4091 838 4175 interpretationum
871 4090 961 4154 nulla
993 4092 1154 4153 satisfacit.
1181 4090 1254 4154 Non
1283 4099 1339 4168 est,
1364 4092 1472 4171 fateor,

346 4211 402 4268 τῶν
433 4204 583 4268 adorirer
616 4227 705 4268 versu
737 4208 800 4266 305
833 4206 1021 4268 sacerdotem
1050 4205 1159 4268 llacchi
1184 4205 1259 4288 peti,
1285 4207 1338 4288 qui
1365 4214 1401 4268 ut
1423 4207 1474 4270 do·

346 4326 419 4381 cent
450 4318 581 4402 Eupolis
613 4319 644 4381 in
677 4318 772 4381 schol.
805 4342 831 4380 a.
857 4318 888 4380 h.
913 4319 933 4380 l.
960 4327 992 4381 ct
1016 4318 1191 4402 Hesychius
1216 4320 1249 4381 in
1274 4341 1346 4381 voce
1372 4320 1473 4399 Ἱερεὺς

348 4433 496 4510 Διονύσον,
532 4432 708 4497 rubicundo
743 4443 809 4496 erat
839 4433 941 4510 vultu,
977 4433 1031 4497 sed
1067 4441 1132 4496 tarn
1165 4433 1291 4498 ieiunus
1323 4443 1370 4498 est
1402 4434 1475 4499 talis
