3592 5484
384 670 448 731 162
869 688 987 734 mnan.

356 854 462 917 luisse.
495 854 607 918 [titur
633 856 715 918 enirn
740 854 789 918 his
812 856 886 941 ipsis
911 853 1012 919 verbis
1036 856 1108 927 Ζεὺς
1132 855 1211 927 dacis
1234 857 1248 919 ὁ
1270 858 1342 929 Ζεὺς
1365 860 1427 922 κτὲ.
1451 867 1489 924 nt

355 967 516 1052 Euripidis
548 970 710 1048 πκρρηνίκν
734 968 921 1046 ostenderet,
946 970 1030 1053 quod
1055 977 1139 1034 certe
1161 970 1263 1034 lacere
1286 992 1349 1034 uon
1372 972 1490 1057 potuis

355 1088 403 1145 set-
426 1083 450 1145 si
475 1082 605 1168 abipso
629 1091 720 1168 poeta
742 1084 856 1147 reiecta
880 1091 993 1147 essent.

402 1198 445 1260 At
476 1198 578 1261 voluit
609 1199 738 1262 fortasse
761 1196 951 1262 Plutarchus
974 1197 1157 1284 Euripidem
1182 1197 1320 1262 fabulam
1343 1208 1489 1265 retracta·

354 1312 434 1375 visse
463 1319 495 1375 et
523 1321 722 1391 retractatae,
746 1313 944 1398 Melanippae
966 1312 1036 1377 dico
1059 1312 1204 1393 vinctae,
1228 1314 1356 1379 initium
1379 1315 1487 1381 fecisse

353 1430 425 1498 Ζεὺς
449 1429 487 1498 ἐς
512 1428 651 1493 >alsatio
675 1429 737 1493 κτέ.
761 1428 821 1492 Sed
840 1450 943 1511 neque
963 1429 1007 1491 ita
1029 1450 1137 1492 verum
1159 1427 1250 1508 dixit,
1264 1451 1335 1492 cum
1350 1452 1366 1493 e
1380 1429 1484 1495 Schol.

352 1563 379 1604 a.
416 1540 446 1603 h.
479 1541 500 1603 l.
533 1551 564 1605 et
594 1565 611 1605 e
643 1543 794 1627 Gregorio
825 1540 895 1606 Cor.
927 1565 966 1627 ap
995 1540 1038 1605 N.
1062 1551 1095 1605 et
1120 1541 1170 1621 1),
1196 1543 1234 1606 fr.
1259 1545 1335 1620 484,
1360 1552 1484 1608 constet

350 1654 426 1719 Mel.
463 1655 668 1741 Philosophoe
704 1657 787 1721 hunc
818 1680 940 1722 versum
972 1657 1077 1721 fuisse.
1113 1656 1204 1738 Quae
1237 1680 1308 1721 cum
1339 1658 1383 1721 ito
1410 1658 1484 1736 sint,

352 1768 523 1834 arbitratus
555 1779 603 1834 est
629 1769 770 1833 Fritsehe
795 1769 885 1834 verba
910 1771 982 1843 Ζεὺς
1005 1770 1084 1849 ἴσως
1107 1772 1121 1835 ἑ
1146 1772 1218 1842 Ζεὺς
1241 1773 1301 1835 xri.
1327 1774 1484 1849 „omnino

351 1905 444 1958 „non
473 1907 489 1947 e
515 1884 693 1969 Melanippo
717 1885 887 1970 repetenda
911 1883 1006 1948 esse.”
1030 1883 1095 1949 Cur
1119 1892 1224 1948 tamen
1251 1884 1324 1948 huic
1348 1885 1484 1949 dramati

351 2019 477 2081 prorsus
508 1995 717 2062 abiudicanda
748 2000 812 2062 sint
843 2021 903 2062 non
928 1998 1028 2075 video,
1053 1999 1224 2062 dnmmodo
1248 2006 1424 2063 statuamus
1447 2023 1483 2064 ea

352 2133 414 2175 non
438 2112 538 2197 prima
563 2111 713 2177 dramatis
736 2111 828 2177 verba
850 2114 954 2177 luisse.

396 2225 417 2288 J
420 2227 545 2290 ustinus
565 2227 622 2302 M„
642 2250 690 2312 ap.
706 2226 744 2290 D.
758 2228 795 2291 fr,
809 2230 884 2306 463,
898 2226 1046 2291 Hecubae
1058 2250 1094 2290 ea
1105 2226 1229 2305 tribuit,
1243 2228 1276 2291 in
1288 2250 1351 2311 qna
1365 2237 1482 2313 tragoe

351 2339 403 2403 dia
426 2363 488 2403 non
512 2340 675 2425 leguntur.
699 2340 854 2405 Frondem
874 2342 902 2405 ei
919 2342 1070 2418 fecerunt,
1093 2341 1214 2426 opinor,
1228 2339 1321 2404 verba
1333 2340 1480 2405 Hecubae

350 2452 460 2518 Troad.
493 2457 569 2532 856,
601 2454 681 2527 ἕντις
712 2458 778 2519 ποτ’
809 2451 837 2519 εἷ
861 2457 905 2527 σὺ,
931 2456 1137 2527 δυστόπαστος
1159 2454 1274 2526 albiam,
1296 2454 1301 2543 Ι
1323 2457 1403 2528 Ζεὺς,
1426 2456 1478 2520 εἴτ’

347 2568 467 2646 ἀνάγκη
498 2570 609 2650 Φύσει·
638 2570 695 2633 εἴτε
725 2575 790 2641 azias
820 2571 936 2649 βροτῶν.
967 2568 1289 2634 Animadvertendum
1309 2577 1358 2633 est
1376 2570 1479 2646 »Ζεὺς

347 2685 385 2754 ὥς
409 2683 548 2747 maarai
572 2685 656 2748 κτὲ.”
680 2685 774 2748 etiam
799 2685 830 2747 in
856 2683 1006 2762 Pirithoo,
1030 2684 1067 2749 fr.
1093 2687 1168 2763 594,
1193 2683 1266 2768 legi.

345 2908 399 2972 Vs.
428 2902 532 2971 1264.
571 2911 674 2974 Φθιῶτ’
699 2910 857 2988 'Axima
881 2911 912 2973 τί
933 2911 999 2973 ποτ’
1024 2909 1229 2988 &repudiarat
1251 2908 1372 2980 ἀκούων,

572 3025 598 3094 ih
624 3023 721 3102 adaco,
745 3025 776 3087 οὐ
798 3023 932 3094 attilas
954 3024 1001 3087 ἐπ’
1026 3023 1163 3103 ἀρωγάν,

390 3137 491 3200 Schol.
512 3137 549 3200 R.
574 3137 610 3200 1'.
631 3138 693 3200 ἔστι
713 3138 744 3201 δὲ
762 3140 795 3201 ἐκ
815 3138 1004 3217 Μυρμνδένων
1017 3137 1184 3216 Αἰσχύλον.
1199 3135 1273 3200 Reo.
1285 3163 1292 3198 ε
1306 3137 1475 3200 Τεῦτοᾶτὸ

342 3257 399 3314 τῶν
416 3253 565 3331 πρὲνβεων
582 3255 650 3328 πρὶς
670 3246 824 3331 Ἀχνὶᾱὲι
844 3251 996 3330 Αἰσχύλος
1016 3253 1184 3324 πεποίηκεν.
1198 3249 1249 3315 Er.
1267 3254 1329 3314 128
1342 3248 1397 3328 N„
1412 3251 1472 3314 131

343 3364 383 3429 1).
401 3365 512 3430 Telum
531 3389 595 3449 quo
616 3366 799 3430 vulneratus
818 3373 884 3429 erat
903 3364 1072 3450 Euripides
1088 3368 1122 3429 in
1136 3365 1296 3430 aemulum
1310 3366 1431 3429 remisit
1442 3373 1474 3427 et

338 3481 470 3543 facetius
492 3490 541 3543 est
560 3481 628 3544 eius
648 3481 675 3551 il
693 3481 780 3543 κέπνν
799 3501 893 3562 quam
913 3480 1043 3552 νννώθννν
1065 3477 1284 3563 Aeschyleum.
1307 3477 1346 3542 In
1364 3478 1474 3543 iocosis

337 3617 395 3659 uss.
423 3597 643 3657 1264-1295
666 3616 728 3657 nou
742 3594 845 3657 omnia
857 3593 1020 3678 perspicua
1033 3601 1109 3657 sunt
1121 3614 1192 3656 cum
1206 3594 1381 3655 nesciamus
1394 3614 1470 3674 quo

336 3730 409 3772 nam
432 3710 512 3772 forte
537 3708 629 3771 modo
653 3730 766 3772 canens
788 3708 949 3791 rythmum
974 3707 1121 3770 carminis
1145 3707 1311 3771 detorserit
1330 3706 1420 3784 Eur„
1437 3714 1471 3770 et

334 3821 526 3886 Graecorum
559 3845 607 3886 res
636 3824 754 3886 musica
780 3821 868 3885 nobis
891 3843 1002 3906 parurn
1028 3828 1104 3884 nota
1127 3822 1178 3884 sit.
1204 3820 1340 3884 Videtur
1363 3830 1469 3884 tamen

332 3937 510 4024 Euripides,
536 3962 595 4001 iss.
623 3940 708 4000 1264
734 3960 813 4021 sqq,
839 3944 875 4000 nt
899 3936 976 4000 bene
1006 3937 1149 4021 exposuit
1171 3935 1271 4015 Koch,
1294 3935 1395 3999 ridere
1408 3957 1472 3999 ver·

333 4074 386 4115 sns
420 4028 593 4134 dactylicos
629 4051 774 4136 Aeschyli
804 4058 841 4114 ut
873 4051 967 4114 nimis
999 4050 1181 4134 magnificos
1212 4058 1244 4112 et
1274 4047 1469 4133 ponderosos,

332 4164 444 4229 deinde
479 4167 547 4230 eins
578 4165 810 4242 obscuritatem,
842 4186 933 4228 nsum
965 4163 1103 4247 denique
1135 4185 1284 4226 versuum
1309 4161 1470 4226 intercala-

331 4279 425 4358 rium,
449 4281 504 4363 qui
528 4281 653 4365 saepius
675 4280 708 4343 in
733 4279 801 4343 eins
823 4277 992 4362 tragoediis
1016 4278 1219 4362 reperiuntur
1243 4283 1300 4340 nt:

376 4395 436 4478 Ag.
463 4396 537 4470 121,
563 4396 636 4473 139,
663 4397 725 4457 159
749 4391 866 4465 ainata,
889 4391 997 4455 κῖλιννν
1020 4392 1083 4455 εἰπὲ
1108 4391 1170 4455 xci.

374 4506 486 4594 Suppl.
511 4512 576 4573 116
600 4531 678 4594 sqq,
705 4511 767 4573 129
792 4530 859 4592 sqq.
883 4507 999 4585 latomi
1023 4507 1080 4585 μὲν
1104 4504 1221 4570 Ἀντίαν
1244 4502 1345 4582 βοῦνιν
1367 4503 1430 4567 acl.
