3592 5484
719 697 1073 757 marroruoamzusar.
1369 682 1430 745 121

382 864 414 929 si
437 887 509 929 eum
532 863 679 931 andimus
701 865 734 930 in
758 865 919 951 tragoedia
940 873 1049 952 raptus
1073 865 1193 930 Orestis
1212 868 1272 951 (cni
1293 869 1456 953 praecessit

336 976 467 1063 Telephi
490 978 619 1062 agnitio)
642 979 808 1064 ponendus
826 985 873 1042 est
890 987 963 1043 ante
984 980 1152 1043 orationem
1171 982 1260 1046 cuius
1283 981 1456 1066 fragmenta

206 1177 208 1180 Ι
335 1097 411 1155 sunt
439 1090 476 1155 fr.
510 1092 583 1171 707,
610 1094 684 1172 710,
709 1095 784 1172 712,
810 1095 883 1174 711,
909 1099 941 1157 11
963 1099 1034 1179 post
1056 1093 1147 1157 aliam
1171 1096 1341 1158 orationem
1365 1096 1456 1160 cuius

335 1204 462 1268 initium
485 1204 546 1269 fuit
569 1205 605 1269 fr.
632 1208 706 1270 701.

380 1319 425 1382 At
452 1318 581 1403 cogitari
602 1320 729 1393 omnino
752 1320 865 1409 nequit
887 1319 926 1384 ab
950 1321 1008 1384 iam
1032 1321 1132 1403 apraitc
1155 1320 1290 1407 Telepho
1320 1323 1456 1407 proiecta

336 1454 401 1497 esse
430 1431 466 1496 fr.
500 1433 572 1513 712,
604 1435 653 1498 τὸν
684 1434 715 1498 δὲ
747 1433 888 1514 Τήλεφον
918 1436 969 1499 οὐκ
999 1434 1135 1512 οἰόμεσθα
1166 1442 1198 1499 11
1226 1435 1262 1500 ir.
1299 1437 1360 1501 711
1393 1432 1457 1501 εἶτα

335 1545 370 1619 δὴ
392 1546 560 1624 θυμούμεθα
578 1548 639 1621 ari,
661 1570 732 1611 oum
755 1554 860 1633 aperte
885 1546 922 1611 de
943 1546 1081 1634 Telepho
1100 1554 1258 1636 tamquam
1277 1549 1315 1614 de
1334 1552 1404 1630 alio,
1417 1550 1456 1616 de

335 1683 367 1724 se
388 1667 548 1748 tamquam
571 1659 610 1724 de
635 1660 753 1725 Graeco
783 1660 942 1749 loquatur,
968 1662 1052 1750 quod
1075 1663 1139 1748 ipse
1163 1662 1245 1727 Jahn
1269 1687 1456 1752 quamquam

334 1773 516 1840 dubitanter
546 1774 699 1841 concedit.
729 1775 853 1841 Deinde
883 1777 974 1841 docet
1004 1799 1060 1842 nos
1089 1778 1320 1864 Aristophanes,
1353 1786 1391 1842 ut
1418 1778 1457 1843 ad

334 1889 412 1955 Aah.
437 1893 502 1953 496
526 1890 736 1956 demonstrare
759 1888 889 1956 conatus
912 1914 992 1972 sum,
1014 1892 1051 1955 fr.
1077 1894 1135 1956 701
1159 1892 1296 1958 eiusdem
1309 1894 1457 1959 orationis

334 2003 429 2067 inisse
453 2027 488 2069 ao
511 2004 548 2069 fr.
575 2007 649 2083 707,
671 2007 734 2071 710
756 2027 822 2093 sqq.
848 2003 970 2068 Habuit
982 2005 1080 2090 igitur
1091 2007 1261 2070 orationem
1274 1983 1359 2071 illam
1372 2006 1457 2072 Tele·

338 2117 422 2204 phua
444 2125 514 2181 cale
536 2118 746 2202 agnitionem;
772 2140 842 2182 cum
866 2127 973 2182 autem
992 2125 1099 2204 raptus
1111 2120 1250 2198 infantis,
1262 2120 1346 2208 quod
1358 2144 1412 2207 per
1424 2145 1456 2186 se

336 2230 541 2316 intellegitur,
566 2239 637 2318 post
660 2233 853 2316 agnitionem
877 2233 908 2296 in
932 2233 1092 2317 tragoedia
1111 2233 1152 2297 sit
1170 2233 1341 2319 ponendus,
1355 2235 1455 2324 sequi·

337 2353 390 2410 tur
421 2346 662 2432 Aristophanem
692 2369 755 2411 non
788 2347 822 2411 in
845 2346 981 2411 Acheru.
1007 2346 1115 2411 sedin
1140 2346 1323 2434 Thesmoph.
1347 2371 1455 2414 verum

339 2460 518 2546 tragoediae
540 2461 680 2525 ordinem
704 2483 849 2525 servasse.
874 2459 997 2549 Itaque,
1022 2462 1206 2546 comparatis
1225 2484 1304 2550 quae
1322 2462 1361 2526 ad
1375 2462 1454 2527 Ach.

334 2578 399 2639 496
429 2575 585 2653 annotavi,
609 2574 668 2638 hoc
692 2574 755 2639 fere
780 2573 872 2638 modo
896 2573 1055 2659 tragoedia
1077 2577 1233 2660 processit.
1258 2574 1360 2640 Verba
1382 2576 1456 2641 facit
1491 2652 1496 2660 ¹

334 2688 489 2776 Telephus
516 2689 700 2774 (fragmenta
723 2690 768 2753 ita
793 2687 1009 2753 distribuenda
1032 2698 1107 2753 sunt
1131 2697 1168 2752 ut
1191 2689 1355 2775 praecedat
1380 2693 1454 2772 706,

333 2811 507 2890 sequantur
532 2803 605 2883 701,
633 2802 718 2866 7001
744 2803 818 2880 707,
842 2804 915 2882 710,
939 2802 1012 2882 711,
1036 2804 1121 2886 712).
1143 2801 1317 2895 Clamorem
1336 2803 1456 2868 tollunt

333 2915 563 3001 indignabundi
597 2914 717 2994 Graeci,
754 2915 791 2980 fr.
828 2917 901 2995 713,
934 2915 1012 2978 Aah.
1048 2917 1108 2980 557
1140 2938 1217 3004 sqq„
1242 2914 1364 2980 Thesm.
1391 2919 1453 2980 520

333 3053 399 3119 sqq.
422 3029 514 3095 Brevi
535 3037 607 3116 post
629 3030 810 3114 agnoscitur
833 3027 1000 3113 Telephus,
1025 3051 1081 3092 nec
1104 3028 1247 3115 displicet
1267 3028 1372 3094 Jahuii
1385 3053 1455 3095 con·

333 3145 453 3211 iectura
482 3168 565 3224 eum,
594 3145 793 3209 inimicorum
825 3144 974 3209 conviciis
1004 3144 1175 3224 incensum,
1207 3143 1308 3229 ipsum
1338 3145 1369 3207 se
1401 3145 1452 3207 mi·
1525 3137 1530 3146 ’

333 3260 416 3325 nime
439 3259 616 3324 mendicum
641 3258 694 3323 sed
719 3257 881 3344 Mysorum
906 3279 1010 3342 regem
1035 3280 1099 3321 esse
1123 3258 1287 3342 aperuisse,
1312 3258 1362 3321 cui
1386 3280 1455 3341 con·

333 3375 471 3439 iacturae
500 3373 584 3438 iavet
614 3373 693 3437 Ach.
729 3375 792 3437 593
825 3395 891 3461 sqq.
926 3371 994 3436 Iam
1027 3379 1065 3435 ut
1094 3372 1187 3436 saluti
1218 3395 1292 3437 suae
1314 3371 1456 3436 consulat

334 3488 477 3554 Orestem
500 3488 620 3575 arripit,
646 3489 684 3552 ad
709 3510 794 3551 aram
814 3487 957 3571 confugit
981 3494 1013 3550 et
1038 3486 1203 3550 exclamat:

733 3601 805 3664 ἀλλ’
829 3598 924 3666 ἐνθάδ’
948 3598 998 3664 ἐπὶ
1022 3604 1077 3663 τῶν
1101 3600 1206 3680 μηρίων

553 3716 668 3793 πληγὲν
691 3714 834 3797 μαχαίρᾳ
858 3714 929 3795 τῇδε
951 3715 1012 3778 xri.

377 3829 490 3917 Neque
513 3831 572 3894 iam
594 3830 631 3894 ad
653 3830 744 3893 finem
765 3828 948 3915 perductam
966 3852 1031 3893 esse
1043 3828 1199 3914 parodiam
1212 3828 1352 3893 arbitror.
1366 3828 1456 3894 Voci-

332 3945 451 4009 feratur
463 3943 651 4008 Graecorum
664 3944 789 4033 aliquis,
803 3944 1048 4028 Agamemnonis
1059 3943 1158 4007 filium
1173 3944 1264 4006 morti
1277 3951 1313 4007 ut
1326 3944 1453 4028 eripiat:

732 4058 785 4120 οὐκ
807 4053 924 4137 ἀρήξετ’
933 4083 943 4131 ;
967 4057 998 4120 ori
1022 4055 1134 4128 πολλὴν
1157 4055 1227 4132 βοὴν

553 4172 694 4246 στήσεσθε
717 4169 769 4236 καὶ
795 4178 949 4252 τμπαῖονς

332 4307 465 4374 quorum
500 4307 602 4372 neque
636 4285 754 4365 ἀρήγειν
784 4307 888 4373 neque
918 4283 990 4362 βοὴν
1021 4281 1155 4348 ἵστασθαι
1183 4284 1370 4348 comicorum
1396 4291 1453 4364 est.

330 4399 466 4480 ’Λρήγειν
488 4398 606 4482 legitur
629 4397 701 4483 Lys.
725 4399 791 4479 803,
812 4398 845 4462 in
869 4398 1005 4462 carmine
1029 4397 1151 4462 chorico
1174 4395 1456 4482 (10.459ἁράξετε

331 4512 512 4578 restitutum
537 4515 595 4596 est)
618 4519 651 4575 et
673 4510 762 4576 Plut.
787 4514 863 4592 476,
889 4507 910 4575 ὦ
933 4510 1080 4590 τύμπανα
1103 4509 1154 4577 καὶ
1173 4511 1304 4594 κύφωνες
1322 4512 1454 4592 11κᾶμὶ-
