3592 5484
339 2231 394 2298 Va.
422 2225 478 2295 52.
727 2233 922 2314 ὑπερτάτοισιν
944 2234 1090 2315 άνδράσιν.

382 2348 496 2433 Neque
527 2349 676 2430 ὑπέρτερος
704 2347 775 2434 Lys.
809 2350 871 2415 772
902 2372 1005 2434 neque
1033 2349 1193 2430 ὑπέρτατος
1218 2351 1276 2415 Αν.
1305 2352 1392 2415 1763
1420 2373 1468 2415 co-

337 2463 489 2527 micorum
514 2468 570 2526 est.
593 2462 726 2548 Epicum
748 2469 795 2528 eat
816 2486 852 2529 ac
874 2453 1039 2549 tragicum.
1059 2462 1158 2549 Epicu
1178 2470 1304 2540 tantum
1323 2487 1463 2529 sermone

336 2577 483 2642 convenit
505 2575 730 2657 ὑπερηνορέουσιν
753 2599 796 2641 vs.
822 2579 873 2641 53.

335 2802 391 2868 Va.
417 2795 463 2867 76
487 2822 553 2885 sqq.
711 2796 731 2864 ὦ
756 2800 929 2881 Πηγάσειον,
952 2800 1041 2883 φησί,
1061 2808 1196 2880 γεννοιῖον
1219 2801 1335 2883 πτερά.

379 2914 483 2981 Schol.
512 2912 596 2993 πυρά
624 2913 665 2978 τά
695 2915 728 2979 ἐκ
754 2914 984 2996 Βελλεροφόντου
1008 2914 1175 2996 Εὐριπίδου.
1200 2916 1308 2989 ἐκεῖνος
1333 2914 1391 2996 γάρ
1414 2914 1463 2980 διά

333 3030 477 3108 Πηγάσου
500 3033 552 3093 τοῦ
576 3033 721 3109 ππεροντοῦ
745 3027 880 3105 ἕπείιίριει
903 3030 943 3100 είς
966 3028 1015 3093 τίν
1038 3029 1151 3109 σι’νροινὸν
1173 3029 1317 3092 άνελίείν.

513 3139 597 3220 ,,άγ’
622 3136 643 3206 ὦ
665 3143 752 3223 φίλον
774 3165 823 3220 μοι
846 3140 989 3219 Πηγάσου
1013 3140 1147 3222 πτερίν.”
1170 3141 1208 3205 fr.
1235 3142 1310 3205 308.

381 3257 424 3322 Ut
458 3256 497 3321 de
531 3255 660 3342 parodia
691 3254 786 3319 huius
819 3254 997 3340 tragoediae
1022 3261 1153 3332 constet,
1176 3253 1286 3339 paucis
1309 3276 1462 3340 exponen·

332 3371 410 3436 dum
444 3377 491 3434 est
522 3376 753 3454 argumentum,
784 3368 824 3432 de
851 3390 914 3452 quo
946 3367 1023 3433 bene
1054 3366 1227 3454 disputavit
1250 3366 1398 3433 Welcker
1421 3367 1457 3432 Π

333 3508 363 3573 p.
403 3487 465 3549 785
501 3505 567 3568 sqq.
604 3482 867 3566 Antiquissimum
900 3483 939 3547 de
968 3480 1213 3568 Bellerophonte
1243 3482 1460 3547 testimonium

229 3613 232 3621 ’
334 3597 463 3684 praebet
485 3597 580 3661 Hom.
606 3595 646 3660 Il.
672 3595 719 3659 VI
744 3599 806 3660 155
826 3617 892 3680 sqq.
913 3595 994 3660 Bell.
1015 3594 1092 3660 falsa
1105 3597 1226 3660 Anteae
1239 3596 1459 3661 criminatione
1544 3590 1545 3593 ¹

333 3711 448 3777 Proeto
479 3717 654 3796 suspectus,
686 3709 825 3774 mittitur
857 3711 889 3773 in
919 3708 1057 3794 Lyciam,
1081 3709 1185 3775 hostes
1209 3717 1241 3773 et
1272 3709 1460 3774 chimaeram

330 3825 480 3903 devincit,
512 3823 610 3888 filiam
640 3823 722 3908 regis
753 3822 866 3909 Lyciae
899 3844 1026 3888 uxorem
1057 3822 1156 3902 ducit,
1180 3824 1254 3888 άλλ’
1278 3822 1326 3888 ὅτε
1349 3824 1384 3896 δη
1408 3822 1460 3888 καί

332 3946 425 4011 κεῖνος
448 3938 604 4018 άπάχίετο
628 3943 702 4002 πάσι
727 3940 832 4011 ίεοῖσιν,
854 3936 858 4027 l
879 3932 897 4011 ἦ
919 3961 961 4001 τοι
984 3935 998 4001 ἓ
1020 3937 1087 4001 κάπ
1108 3939 1205 4002 πεδίον
1226 3937 1258 4002 τί
1276 3930 1462 4010 Ἀλιίίονοίος

331 4055 440 4126 άλάτο,
462 4050 467 4140 l
486 4052 515 4116 ὃν
539 4053 628 4129 ίυριὸν
651 4043 795 4125 πορτίδων,
818 4051 912 4115 πάτον
929 4052 1080 4131 άνάράπυν
1099 4051 1242 4116 άλεείνων.
1264 4049 1365 4115 Pilius
1378 4051 1461 4114 euim

330 4166 460 4250 filiaque
480 4188 499 4228 a
522 4163 625 4237 Marte
649 4171 681 4228 et
704 4164 806 4228 Diana
828 4165 930 4229 necati
955 4171 1055 4229 erant.

376 4277 534 4344 Heaiodus
567 4287 673 4342 narrat
706 4277 976 4364 Bellerophontem
1009 4299 1081 4341 cum
1112 4275 1231 4361 Pegaso
1261 4274 1458 4341 Chimaeram

331 4393 535 4470 interfecisse,
560 4390 678 4476 Theog.
703 4393 785 4455 325:
804 4391 857 4464 την
880 4392 933 4469 μὲν
958 4391 1099 4468 Πάγασος
1119 4385 1179 4455 είλε
1197 4388 1250 4454 κοιί
1270 4391 1371 4462 ε’σίλὸς
1384 4400 1458 4454 Βελ-

330 4507 517 4588 λεροφόντης,
549 4511 582 4569 et
605 4502 768 4590 Pegasum,
791 4525 884 4589 quem
906 4524 970 4568 non
993 4510 1122 4568 noverat
1145 4501 1311 4584 Homerus,
1336 4502 1369 4568 in
1393 4525 1459 4567 coe·
