3592 5484
765 571 998 619 ecmannum.

695 741 755 806 οὐδ’
782 742 805 804 εἰ
828 742 953 805 τέκνων
975 743 1004 805 ἑν
1026 747 1124 820 χεροῖν
1145 739 1224 819 ἔχων

545 858 650 933 rainer
672 880 718 927 τις
740 857 780 929 εἰς
802 859 953 935 τράχηλεν
974 855 1125 932 ἐμβαλεῖν
1148 856 1227 931 ἐμὸν,

544 971 708 1048 σιγήσομαι
731 970 829 1035 δίκαιά
851 969 884 1049 γ’
912 970 1056 1034 ἀντειπεῖν
1079 968 1165 1049 ἔχων.

363 1087 448 1151 Huic
471 1086 670 1149 coniecturae
689 1084 771 1149 nihil
789 1083 902 1164 obstat,
922 1085 1027 1148 lavent
1046 1084 1161 1148 omnia.
1187 1082 1295 1163 Favet,
1317 1082 1445 1150 Dieaeo

317 1201 452 1287 pelidem
483 1198 576 1264 verba
601 1199 708 1263 fecisse
733 1200 843 1284 pannis
865 1198 994 1284 Telephi
1018 1197 1177 1276 indutum,
1203 1205 1234 1262 et-
1261 1197 1443 1264 Mnesilochi

317 1317 488 1380 orationem
528 1315 559 1378 in
597 1313 699 1378 inedia
733 1312 895 1399 Euripidis
924 1312 1049 1398 parodia
1081 1312 1211 1398 positam
1243 1336 1319 1379 esse.
1349 1311 1442 1379 Favet

317 1430 400 1515 quod
432 1428 560 1492 aliunde
585 1427 623 1490 du
648 1426 787 1514 Telepho
810 1426 899 1491 nobis
921 1436 1115 1511 compertum
1138 1436 1201 1491 est:
1224 1427 1272 1492 Ab
1296 1427 1443 1515 Apolline

315 1545 344 1609 ei
369 1565 549 1631 responsum
575 1552 641 1606 erat
666 1543 694 1606 ei
720 1543 872 1606 neminem
897 1542 1012 1605 mederi
1038 1564 1124 1626 quisse
1148 1564 1240 1626 quam
1262 1544 1316 1628 qni
1336 1542 1443 1608 vulne·

316 1670 423 1738 resset,
458 1659 512 1723 sed
544 1657 705 1722 metuebat
737 1667 772 1721 ut
804 1660 866 1721 voti
899 1680 1023 1743 compos
1048 1658 1137 1721 tieret
1160 1658 1186 1721 si
1212 1682 1244 1723 se
1267 1657 1440 1745 Telephum

315 1796 380 1839 osse
402 1774 614 1860 profiteretur,
639 1795 741 1857 regem
767 1771 896 1858 Mysiae,
919 1774 974 1857 qui
998 1795 1068 1837 eum
1094 1771 1222 1837 Graecis
1241 1772 1358 1838 bellum
1377 1796 1442 1860 ges

313 1890 413 1954 sisset.
440 1887 553 1972 Itaque
576 1888 744 1952 artificium
767 1889 923 1972 excogitat
946 1890 996 1969 (fr.
1023 1889 1107 1969 709),
1132 1889 1259 1974 ignotus
1279 1889 1328 1974 (fr.
1352 1891 1439 1974 703),

313 2003 476 2068 mendicus
509 2003 558 2085 (lr.
592 2008 668 2080 693,
702 2005 778 2085 699)
806 2012 903 2066 eastra
937 2002 1137 2080 Graecorum,
1160 2002 1209 2067 vel
1232 2003 1339 2089 potius
1361 2005 1441 2090 Agn-

314 2116 486 2182 nrenmonis
509 2116 637 2180 domum
662 2115 729 2180 adit
748 2115 820 2200 (huc
839 2117 966 2180 fortasse
986 2117 1148 2202 pertinent
1166 2117 1245 2181 Aeh.
1264 2121 1340 2196 456,
1352 2120 1439 2199 too).

315 2232 416 2296 Audit
447 2232 638 2295 Graecorum
670 2252 759 2315 reges
782 2229 918 2316 Telepho
942 2232 1021 2296 male
1045 2230 1192 2297 dieentes.
1215 2230 1298 2296 Iram
1323 2232 1439 2314 sedare,

314 2347 434 2412 animos
466 2345 569 2410 verbis
591 2345 730 2409 mulcere
750 2346 867 2410 studet.
892 2345 942 2409 hit
965 2347 1145 2425 altereati03
1170 2345 1264 2412 datur
1285 2347 1314 2412 ei
1337 2357 1438 2434 potes

315 2472 362 2528 tas
393 2461 526 2527 dicendi.
560 2462 621 2526 Sed
652 2461 790 2526 nondum
825 2463 896 2546 quis
927 2464 967 2526 sit
990 2472 1101 2526 uotum
1124 2472 1181 2527 est.
1205 2461 1364 2548 Loquitur
1388 2486 1439 2549 ps·

313 2576 402 2642 rinde
435 2577 523 2660 quasi
559 2576 601 2639 sit
637 2573 826 2640 Graeeorum
861 2575 983 2660 aliquis,
1014 2576 1069 2659 qui
1101 2575 1169 2640 sine
1199 2576 1246 2641 ira
1275 2585 1308 2642 et
1335 2578 1440 2642 studio

313 2691 352 2755 de
386 2689 474 2754 hoste
510 2688 649 2752 iudicare
684 2688 769 2752 velit.
806 2689 896 2771 Quae
933 2711 1005 2754 oum
1043 2689 1088 2752 ita
1124 2689 1198 2767 sint,
1234 2691 1340 2755 eonari
1365 2690 1441 2756 lieet

312 2803 411 2891 ipsius
442 2802 607 2888 Euripidei
640 2801 770 2889 Telephi
794 2804 976 2882 orationem,
1000 2825 1064 2869 non
1087 2803 1181 2868 verba
1204 2804 1274 2869 dieo
1296 2804 1350 2870 md
1372 2828 1439 2871 sen·

312 2917 454 2998 tentiam,
480 2940 496 2980 e
519 2916 663 3001 reliquiis
686 2918 860 2982 restituere.

384 3030 412 3095 I.
436 3033 490 3104 Μή
513 3053 563 3108 μοι
586 3029 765 3110 momiano,
788 3030 888 3112 ἄνδρες
912 3032 1062 3105 Ἑλλήνων
1085 3030 1172 3113 ἄκροι,

436 3145 460 3208 εἰ
481 3144 604 3224 πτωχὸς
627 3143 665 3208 ὧν
687 3145 807 3218 τέτλνκ’
831 3146 861 3209 ἐν
883 3143 1028 3211 ἐσθλοῖσιν
1051 3147 1157 3225 λέγειν.

363 3258 409 3324 IL
433 3257 508 3322 Non
530 3257 707 3323 usitandum
732 3269 779 3324 est
801 3283 855 3325 ros
876 3260 923 3324 ira
946 3260 1088 3326 incensos
1110 3284 1187 3339 esse,
1209 3260 1333 3327 Thesm.
1354 3265 1437 3344 4685

324 3401 329 3409 ·
435 3396 493 3459 ego
514 3395 641 3459 quoqne
663 3372 836 3461 Telephum
860 3374 922 3454 odi,
945 3375 1026 3440 Aeh.
1053 3379 1127 3455 500,
1150 3373 1276 3440 Thesm.
1299 3379 1376 3456 469,

346 3487 409 3553 ΠΙ.
434 3489 538 3572 Aequi
562 3497 668 3552 tamen
692 3488 806 3567 simus;
832 3488 891 3553 soli
911 3511 1030 3567 sumus,
1043 3487 1123 3554 Aeh.
1139 3492 1213 3567 504,
1226 3487 1349 3554 Thoans.
1362 3491 1437 3554 472.

349 3601 407 3668 lv,
431 3602 536 3666 Etiam
567 3601 678 3667 Graeci
710 3603 826 3667 iniuria
856 3603 1027 3689 Telephum
1058 3604 1240 3680 affecerunt,
1270 3603 1349 3668 Aeh.
1374 3605 1438 3668 514

434 3739 501 3801 sqq.
524 3716 584 3780 Th.
609 3718 676 3780 tte
699 3739 766 3802 sqq.

369 3828 408 3894 V.
431 3829 523 3894 Bello
546 3829 706 3916 Telephus
729 3829 864 3895 Graecos
882 3840 1066 3917 prosecutus
1086 3838 1149 3895 est:
1168 3832 1226 3911 ε’ρεῖ
1240 3855 1285 3904 τις
1304 3832 1336 3896 οὐ
1352 3838 1439 3911 χρῆν·

435 3945 520 4009 aim-i
542 3947 575 4009 τί
595 3946 686 4024 ἐχρῆν
707 3945 818 4009 rima.

353 4057 411 4123 VI.
436 4059 503 4123 h'os
533 4059 566 4123 iu
599 4058 731 4144 Mysiam
762 4059 971 4124 incursionem
994 4060 1135 4124 lecimus.
1161 4063 1205 4123 At
1229 4061 1255 4124 si
1279 4059 1350 4143 quis
1373 4057 1440 4143 My·

437 4195 543 4238 sorum
573 4195 646 4237 cunr
670 4174 811 4238 exercitu
834 4174 866 4239 in
891 4171 1051 4238 Graeciam
1077 4173 1218 4252 venisset,
1242 4172 1378 4247 καθῆσθ’
1402 4171 1439 4237 ἂν

436 4289 465 4351 ἐν
488 4288 635 4365 lsraelem
661 4283 678 4362 ἦ
702 4294 813 4352 πολλοῦ
834 4313 871 4366 γε
892 4289 941 4353 δεῖ.
964 4287 1080 4353 Similis
1091 4287 1317 4352 demonstratio
1327 4287 1441 4372 reperi·

425 4412 480 4466 tur
500 4403 578 4466 Eur.
603 4401 731 4466 Herael.
757 4405 841 4466 1005
865 4425 931 4487 sqq.
