3592 5484
834 620 957 666 cuorus.
1371 602 1433 666 187

377 789 461 876 Hyg.
492 788 553 875 fab..
580 793 632 853 19.
655 789 819 867 „Phineus
844 789 985 870 elpenoris
1003 789 1093 872 filiae
1121 789 1277 852 1610111
1303 790 1460 871 Cleopatra

330 907 434 970 hahuit
457 906 543 989 filiae
572 907 652 991 daeo.
685 903 717 964 ti
745 926 765 964 a
786 908 875 982 patre
899 924 1036 965 1101111101
1060 902 1181 965 crimine
1204 903 1352 965 excaecati
1377 911 1458 967 aunt.

331 1021 413 1084 Huic
441 1019 530 1081 etiam
552 1017 666 1080 Phineo
689 1017 793 1098 Apollo
816 1017 974 1096 caprariam.
998 1017 1109 1079 deilicae
1132 1016 1254 1080 dicitu-r.
1276 1017 1323 1079 lie
1344 1020 1461 1081 eteorum

332 1133 456 1196 concilia
491 1155 555 1194 cum
584 1129 758 1192 enunciaret
788 1129 824 1191 ah
855 1129 923 1191 lore
953 1137 996 1192 eet
1026 1137 1198 1192 excaecatae
1225 1137 1254 1192 et
1276 1131 1412 1211 appatuit
1435 1131 1463 1194 ci

334 1244 489 1328 Harpyiae
513 1264 588 1327 quae
611 1242 691 1306 Iovia
714 1263 800 1304 caneo
823 1263 884 1304 ecee
907 1243 1049 1305 diceeutur
1073 1263 1147 1326 qaae
1166 1264 1259 1306 eccam
1279 1245 1316 1305 al
1335 1245 1463 1307 arcebar

333 1359 503 1442 auferrent.
536 1356 607 1420 Hac
636 1378 699 1418 aem
723 1359 914 1435 Arpoaaretae
937 1355 1119 1418 devenissent
1142 1363 1170 1418 et
1194 1378 1257 1418 eam
1282 1356 1339 1418 iter
1360 1363 1395 1418 ct
1418 1359 1463 1419 cle·

334 1477 510 1535 moetatraret
532 1476 680 1550 raperent,
704 1468 782 1531 die-it
806 1490 837 1530 ee
860 1471 1126 1531 (temonetraturam
1150 1469 1177 1531 11
1199 1491 1262 1532 eata
1278 1491 1376 1550 poena
1395 1470 1464 1532 tite-

333 1591 446 1648 rarent.
483 1584 564 1646 11οι1
592 1582 675 1645 Zetes
698 1589 726 1644 et
753 1582 856 1644 Calata
877 1582 1034 1665 Aquilonia
1057 1583 1138 1646 venti
1159 1590 1187 1644 et
1216 1582 1371 1664 Orithyiae
1386 1583 1463 1665 filii,

335 1699 386 1782 qui
414 1719 529 1778 penaeas
552 1697 585 1758 ia
608 1696 705 1777 capite
727 1702 755 1757 et
781 1696 811 1757 in
834 1697 955 1776 pellitae
977 1696 1112 1759 letitiae
1134 1697 1284 1772 (licitatur,
1309 1696 1465 1778 Harpyiae

326 1815 519 1898 supereraut
543 1811 575 1872 in-
601 1810 716 1872 r'neataa
741 1810 924 1890 Strophades
943 1817 971 1871 et
990 1809 1136 1872 Phineum
1154 1831 1248 1890 pocae
1267 1808 1463 1872 liberarant.''

379 1923 478 1987 Plura
508 1922 640 1986 tradunt
672 1921 818 2006 Apollod.
851 1921 871 1986 l.
903 1921 925 1986 l.
955 1929 987 1984 et
1018 1921 1072 1985 ΙΙΙ
1098 1925 1149 1985 15.
1173 1925 1202 1984 3.
1228 1921 1335 2006 Apoll.
1360 1920 1462 1986 Rhod.

335 2037 389 2103 lib.
413 2039 458 2102 11.
484 2037 586 2102 Schol.
612 2039 673 2122 Ap.
698 2035 757 2099 Rh.
782 2036 798 2098 1
824 2038 899 2099 211.

381 2151 537 2228 Welcker,
562 2151 619 2234 qui
641 2149 859 2235 Tympanislas
884 2157 915 2212 et
937 2149 1071 2213 alterum
1093 2148 1249 2213 Phineum
1269 2150 1351 2213 idem
1368 2150 1463 2213 luisse

336 2267 442 2329 drama
472 2265 615 2342 coniecit,
647 2261 757 2325 Phinei
790 2270 1012 2344 argumentum
1045 2264 1112 2326 erui
1144 2285 1230 2346 posse
1253 2262 1463 2328 arbitraturc

337 2378 439 2442 Scbol.
465 2377 569 2462 Apoll.
595 2375 655 2440 llh.
681 2382 713 2438 e‘t
736 2374 797 2439 Od.
821 2397 901 2458 quae
926 2376 1074 2461 adscripsi
1099 2384 1130 2439 et
1153 2376 1211 2439 hoc
1235 2376 1326 2440 modu
1350 2379 1461 2442 consti·

339 2492 492 2555 tuendum
523 2513 605 2553 esse:
639 2490 825 2553 Barcae-ceatur
857 2490 1000 2567 Peraeae,
1023 2492 1074 2574 qai
1097 2493 1256 2555 enarratae-iic
1280 2494 1379 2556 1110111
1401 2517 1464 2574 per·

340 2614 442 2684 moleto,
466 2605 566 2668 liberie
589 2606 685 2666 oeulos
708 2605 863 2688 effoderet.
888 2605 1005 2667 Derbete
1028 2607 1063 2668 ah
1085 2607 1233 2688 Harpesiie
1257 2608 1420 2672 erm-latur.

379 2717 535 2781 Phineum
572 2715 780 2801 Sophocleum
818 2725 1016 2779 excaecatum
1050 2718 1146 2782 fuisse
1176 2719 1336 2804 probabile
1367 2731 1415 2786 est
1448 2747 1464 2786 c

337 2831 517 2896 testimonio
549 2829 650 2893 Schol.
683 2829 789 2913 Apoll.
820 2829 841 2893 l.
866 2829 899 2909 l„
925 2830 1027 2895 Schol.
1052 2831 1139 2897 Plut.
1164 2836 1228 2896 635
1253 2842 1284 2897 et
1306 2836 1343 2898 11.
1370 2835 1463 2920 Soph.

338 2949 400 3008 640
425 2944 478 3024 N„
502 2946 564 3006 635
585 2941 636 3019 D„
659 2942 802 3022 βλέφκρκ
823 2942 967 3021 κέκληταιί
985 2946 1015 3021 γ’
1037 2947 1074 3016 ὡς
1093 2948 1254 3018 caathtiae
1276 2948 1353 3026 tripete
1374 2949 1465 3012 ouius

336 3067 442 3122 tamen
466 3058 529 3122 duo
553 3057 722 3141 posteriora
741 3053 843 3135 verba,
867 3064 903 3119 ut
925 3057 985 3119 iam
1006 3059 1129 3122 monuit
1149 3058 1201 3135 N„
1223 3061 1339 3123 comico
1359 3065 1466 3146 potius

337 3195 430 3256 quam
456 3169 601 3256 Sophocli
624 3167 792 3232 tribuenda
815 3178 899 3232 sunt.

381 3285 469 3350 Num
494 3291 566 3349 ver‘o
591 3285 659 3346 iure
683 3282 837 3367 Harpyias
861 3284 894 3346 iu
918 3283 1026 3347 eodem
1051 3284 1189 3349 dramate
1213 3296 1344 3369 quaerat
1365 3289 1466 3355 Welc·

338 3399 403 3477 ker,
441 3396 563 3462 dubito.
600 3394 626 3458 E
658 3396 695 3460 fr.
731 3397 792 3458 641
825 3394 879 3473 N„
914 3400 977 3459 636
1010 3397 1060 3477 1).,
1095 3401 1187 3478 νεκρὸς
1210 3400 1332 3480 τάριχος
1357 3404 1466 3483 εἰσορᾶν

339 3512 512 3590 Alyzia-reos,
544 3509 640 3573 efficit
672 3508 757 3571 huuc
788 3508 882 3571 fuisse
912 3508 1037 3573 fabulae
1068 3513 1205 3577 exitum:
1239 3515 1360 3590 „Aucb
1391 3517 1465 3580 wird

338 3627 438 3705 „dem
470 3625 610 3687 Phineus
642 3622 827 3705 augcdroht,
861 3646 920 3686 mm
953 3625 1024 3688 dem
1048 3625 1143 3690 Gotte
1166 3627 1299 3691 ncmlich
1323 3628 1377 3693 der
1401 3631 1465 3693 ihm

338 3741 419 3819 „dic
451 3737 612 3823 Harpyien
644 3735 830 3820 aukiindigt,
856 3736 925 3800 dass
949 3761 980 3802 er
1005 3739 1133 3824 geplagt
1155 3763 1214 3803 vou
1238 3741 1343 3819 ibneu,
1368 3741 1466 3820 blind,

338 3857 422 3934 „das
445 3853 551 3918 Lobeu
577 3851 647 3914 dass
673 3873 705 3913 er
730 3851 928 3934 hinzugeben
952 3854 1040 3917 nicht
1064 3854 1156 3918 Kraft
1178 3878 1282 3942 gorrug
1301 3857 1398 3937 hatte,
1420 3857 1467 3921 bis

339 3991 439 4046 „aum
473 3966 669 4032 Ueberdruss
703 3966 850 4031 beholteu
880 3966 967 4045 sollo,
1001 3966 1047 4031 bis
1071 3991 1104 4031 er
1128 3969 1212 4032 einer
1236 3970 1467 4054 Acgyptischen

339 4083 491 4161 „Mumie
515 4083 618 4168 gleich
642 4083 911 4169 eingeschrumpft
935 4082 1000 4145 sein
1024 4082 1160 4147 wiirde.”

382 4195 502 4260 Verum
527 4197 586 4261 hoc
610 4198 830 4282 fragmentum,
856 4196 977 4260 etiamsi
1002 4196 1044 4258 sit
1065 4195 1235 4281 Sophoclis,
1256 4219 1359 4279 neque
1372 4198 1466 4262 iocosi

338 4308 472 4373 alicuius
501 4311 621 4385 comici,
653 4332 765 4395 parum
790 4309 911 4394 probat,
936 4307 991 4372 ubi
1015 4308 1116 4371 multo
1140 4310 1256 4373 certius
1280 4309 1383 4373 obstat
1408 4318 1468 4373 tes·

339 4423 517 4487 timonium.
554 4421 672 4487 Versus
706 4422 790 4485 enim
824 4419 914 4484 Pluti
949 4422 1023 4499 635,
1061 4423 1136 4500 636,
1171 4443 1249 4505 quos
1280 4430 1317 4486 ut
1349 4422 1468 4487 Phineo
