3592 5484
833 641 950 687 aaran.
1367 624 1429 689 137

329 830 441 888 „nem,
472 808 496 873 ρι’
526 808 581 886 μὲν
609 806 667 887 pap
697 807 792 872 οὐκέτ’
822 808 905 873 siulfi
930 809 1023 892 Quod
1048 833 1155 875 verum
1178 833 1244 874 esse
1266 819 1380 897 potest,
1405 834 1456 876 ne·

330 922 496 985 cessarium
519 942 582 984 non
604 927 660 984 est.
685 919 773 985 Vitio
796 930 911 1003 tamen,
936 931 973 987 ut
992 924 1069 987 mihi
1091 924 1225 1000 videtur,
1243 923 1366 988 laborat
1386 926 1454 1006 παρ’

330 1034 420 1099 οὐδέν.
445 1032 492 1096 De
514 1033 650 1097 facinore
674 1036 759 1119 quod
784 1038 978 1101 committere
1001 1059 1057 1122 pro
1076 1037 1174 1100 nihilo
1191 1036 1357 1122 putabant,
1377 1038 1458 1101 dice·

331 1146 407 1211 bant
439 1145 567 1210 Graeci:
595 1149 665 1229 παρ’
690 1149 771 1214 οὐδέν
794 1151 858 1214 ἐστι’
880 1175 928 1228 μοι
953 1159 1103 1233 sequente
1129 1151 1294 1228 infinitivo,
1318 1158 1357 1214 ut
1379 1150 1455 1215 Eur.

332 1258 386 1323 Or.
422 1263 494 1338 569,
527 1263 595 1343 παρ’
624 1264 703 1328 οὐδὲν
727 1266 838 1335 αὐτοῖς
862 1260 895 1337 ἦν
919 1263 955 1328 θον
979 1265 1098 1329 θλλθναι
1121 1266 1246 1344 πθσεις·;
1271 1267 1309 1330 de
1333 1265 1458 1329 homine

332 1372 386 1456 qui
417 1373 535 1438 viribus
567 1376 740 1440 destitutus
770 1384 867 1440 essct:
893 1378 973 1441 οὐδέν
997 1380 1069 1452 ἐστι,
1096 1380 1140 1442 ita
1163 1388 1210 1458 ut,
1235 1379 1296 1443 nisi
1322 1386 1459 1464 praestet

329 1472 515 1552 emendatio
530 1488 686 1568 Fritschii,
711 1490 902 1554 Rhintonem
923 1492 946 1555 οἱ
966 1493 1020 1569 μὲν
1037 1493 1094 1573 γαρ
1115 1493 1193 1557 οὐδέν
1215 1493 1268 1556 εἱσι
1288 1494 1353 1557 κνὲ.
1366 1494 1459 1578 scrip·

332 1600 406 1665 sisse
430 1602 598 1666 verisimile
620 1603 671 1666 sit.

332 1864 386 1929 Vs.
412 1855 469 1924 93.
535 1865 691 1943 χελιδόνων
714 1873 846 1942 μουσεῖα.

378 1978 479 2043 Schol.
516 1978 598 2058 παρὰ
632 1979 672 2042 τὰ
703 1981 732 2043 ἐν
763 1979 921 2059 Ἀλκμήνα
952 1981 1128 2061 Εὐριπίδονε
1161 1981 1253 2052 πολὺς
1284 1981 1310 2045 δ’
1343 1981 1461 2061 οὶνεῖρπε

333 2095 441 2165 κισσὸς,
466 2093 579 2172 εὐφυὴς
603 2092 896 2180 κλοθδος,1οὶκδθνων
921 2102 1064 2172 μουσεῖον.
1089 2095 1140 2159 Fr.
1166 2098 1218 2159 89.

336 2346 391 2410 Vs.
418 2338 474 2408 97.
641 2341 719 2415 dora·
745 2347 826 2422 ῥῆμα
857 2352 988 2421 γενναῖον
1012 2345 1104 2409 λθκοι.
1132 2344 1192 2408 vid.
1218 2344 1257 2408 ad
1279 2344 1357 2408 Aah.
1384 2347 1459 2407 410.

335 2597 390 2662 Vs.
417 2588 496 2658 100.
533 2594 630 2674 αἰθέρα
657 2595 725 2665 Διὸς
749 2592 904 2670 θοιμάτιον,
930 2593 946 2667 ἢ
971 2597 1072 2673 χρόνον
1096 2595 1183 2666 καθα,

535 2708 551 2781 ἢ
577 2708 670 2788 φρένα
693 2708 749 2784 μὲν
773 2709 824 2772 οὐκ
847 2709 999 2772 ἐθέλουσαν
1023 2709 1127 2786 duanae
1151 2711 1215 2773 καθ’
1240 2709 1325 2789 ἱερῶν,

536 2827 676 2899 γλῶτταν
700 2820 726 2885 θ’
755 2822 967 2901 ἐπιορκήσασαν
990 2822 1048 2904 ι’δθρι
1071 2831 1124 2895 τῆς
1147 2823 1257 2902 Φρενθς.

381 2961 483 3026 Schol.
522 2963 583 3024 100
613 2960 771 3039 Εὐριπίδου
801 2961 833 3023 ἐκ
864 2961 1081 3032 Μελανίππηςε
1114 2959 1223 3037 θμννμι
1247 2961 1273 3024 δ’
1300 2960 1352 3039 ’ρθν
1376 2959 1462 3041 αἰθέρ’

335 3074 441 3148 οἴκοισιν
474 3075 551 3146 Διθς.
585 3073 617 3136 Si
649 3074 732 3137 hunc
763 3073 866 3136 locum
899 3075 1034 3158 respexit
1062 3073 1208 3153 comicus,
1232 3072 1400 3150 „iniusta”
1424 3082 1461 3136 ut

336 3190 460 3275 scripsit
491 3189 542 3252 Fr.
568 3195 629 3265 „et
653 3195 720 3251 toto
743 3210 855 3271 genere
879 3188 985 3250 ieiuna
1009 3187 1132 3251 videtur
1155 3210 1285 3252 censura
1308 3187 1461 3271 lususque

336 3304 426 3382 „iste
458 3301 706 3387 Aristophanis.''
737 3300 783 3364 Ut
813 3300 998 3386 Euripidem
1028 3300 1230 3366 defenderent
1255 3302 1398 3366 certatim
1419 3308 1463 3365 at

337 3418 483 3481 tulerunt
514 3416 700 3501 interpretes
731 3413 812 3478 illud
842 3414 971 3478 Homeri
997 3414 1068 3486 Ζεὺς
1091 3415 1175 3495 αἰθέρι
1200 3416 1293 3486 ναίων,
1319 3423 1349 3478 ct
1373 3416 1464 3479 eomi-

338 3555 410 3596 cum
440 3531 564 3616 saepius
594 3530 722 3593 minime
746 3530 843 3606 „sinc
867 3529 911 3592 ira
936 3537 967 3591 et·
991 3528 1116 3592 studio''
1137 3528 1299 3607 iudicasse,
1326 3552 1360 3592 ea
1384 3550 1464 3612 quae

338 3648 377 3711 de
409 3646 534 3709 Socrate
566 3652 598 3707 et
627 3643 750 3707 Pericle
773 3643 908 3728 protulit
932 3641 1119 3706 documento
1145 3651 1228 3706 sunt.
1254 3642 1463 3720 „Attamem”

339 3761 382 3823 sic
405 3759 509 3845 pergit
529 3758 591 3836 Fa,
617 3756 814 3843 „Euripides
837 3756 875 3819 ab
900 3759 1082 3840 Anaxagora
1106 3757 1292 3842 philosopho
1316 3755 1465 3821 inductus

339 3874 462 3952 „toties
485 3872 641 3935 aetherem
666 3873 857 3949 memorarit,
872 3919 968 3934 .....
992 3877 1029 3935 ut
1052 3872 1185 3934 aetheris
1210 3871 1366 3934 mentione
1384 3871 1465 3933 facta

338 3987 417 4065 „vel
449 3988 481 4050 in
513 3986 631 4071 optima
655 4007 747 4048 causa
770 3984 904 4048 derideri
929 4008 946 4046 a
970 3984 1105 4049 Oomicis
1129 3992 1233 4069 posset
1256 3983 1352 4067 vulgo
1377 3983 1463 4069 plau·

339 4098 492 4177 „dente”
526 4099 615 4179 Quae
643 4119 715 4160 vera
742 4104 827 4174 sunt,
860 4099 884 4160 si
916 4098 1086 4182 excipimus
1116 4118 1196 4180 quae
1220 4097 1258 4160 de
1281 4099 1466 4180 Anaxagora

339 4212 456 4292 scribit,
482 4213 519 4275 cl.
544 4212 583 4275 ad
606 4211 730 4274 Thesm.
757 4213 808 4275 13.
832 4210 945 4294 Neque
967 4213 1070 4275 minus
1091 4211 1208 4274 iniuste
1228 4212 1343 4295 carpsit
1363 4210 1466 4291 χρόνον

339 4329 426 4398 πόδα,
451 4327 554 4405 verba,
575 4335 654 4391 teste
672 4326 848 4403 scholiasta,
870 4350 906 4389 ex
927 4327 1103 4390 Alexandro
1116 4326 1191 4389 Eur.
1204 4327 1303 4410 petita
1316 4325 1370 4388 uhi
1382 4326 1464 4403 „ani

339 4441 442 4522 χρόνον
472 4441 629 4519 νροθβαινε
657 4438 760 4512 aaa?
791 4439 908 4504 Eadem
938 4439 1034 4504 dictio
1063 4440 1218 4525 reperitur
1248 4438 1361 4504 Bacch.
1388 4443 1463 4517 889,
