3592 5484
860 639 947 684 anas.
1394 626 1434 689 97

335 832 419 874 murn
456 818 562 874 eontra
591 809 624 873 in
657 807 819 893 Aeschylei
851 806 1028 873 Promethei
1059 809 1187 876 historia
1216 818 1327 876 tenent
1350 811 1453 876 loerrm

334 926 360 991 si
390 925 548 990 involucra
578 923 723 1010 parodiae
752 946 929 989 amovemus
952 933 984 988 et
1006 948 1078 990 vera
1099 927 1294 992 restituimus
1320 928 1456 1007 nomina,

332 1063 412 1126 quaa
434 1063 519 1106 nuuc
541 1041 630 1125 quasi
656 1062 709 1127 per
733 1039 898 1124 caliginem
924 1040 1075 1105 ridemus.

379 1156 417 1222 In
439 1165 610 1241 utrumque
633 1178 726 1240 quem
746 1157 888 1221 norimus
912 1154 1130 1222 Prometheum
1156 1159 1457 1224 multaeoeeurrunt

335 1280 426 1337 notae
457 1270 690 1358 geographicae,
720 1272 765 1335 ita
794 1279 832 1335 ut
864 1272 990 1336 minime
1020 1273 1061 1338 sit
1091 1272 1268 1338 mirandum
1291 1273 1460 1339 nonnullas

335 1389 426 1452 etiarn
463 1390 494 1452 in
531 1387 669 1469 Πυρφέρρι
704 1388 846 1465 inveniri,
878 1387 909 1452 in
942 1410 1005 1472 quo
1032 1389 1172 1454 dramate
1199 1391 1249 1454 via
1272 1398 1353 1455 esset
1376 1413 1461 1454 mon·

335 1505 461 1569 stranda
494 1527 556 1588 qua
586 1503 789 1569 abducendus
815 1510 896 1569 esset
917 1502 1121 1571 Prometheus
1143 1507 1175 1570 in
1199 1509 1302 1587 χθονὸς
1325 1507 1460 1587 τηλουρὸν

334 1622 430 1685 πέδον.
454 1622 541 1685 llaec
564 1620 646 1685 orbis
669 1628 822 1685 terrarum
847 1642 917 1705 pars
940 1620 978 1685 ad
995 1622 1223 1707 septentriones
1244 1620 1406 1707 vergebat;
1426 1621 1459 1686 in

334 1734 440 1800 eaderu
467 1736 591 1820 regione
614 1735 819 1800 inveniuntur
844 1735 910 1800 loca
933 1760 951 1799 a
976 1737 1069 1801 choro
1092 1745 1283 1802 enumerata.

426 1853 522 1917 lala.
546 1850 607 1915 ἔστι
631 1851 688 1933 γὰρ
712 1851 822 1932 δένδρον
844 1854 977 1932 πεφυκὸς

547 2015 642 2031 .....
667 1967 787 2047 κοιρδίοις
811 1966 843 2031 οἱ·

544 2082 668 2163 πωτέρω.

335 2198 447 2263 Cardia
478 2205 525 2263 est
555 2197 630 2263 urbs
661 2196 843 2264 Chersonesi
874 2199 1025 2279 Thracici,
1057 2202 1173 2266 Herod.
1208 2199 1256 2265 VI
1288 2203 1340 2266 33.
1365 2200 1460 2266 Thra·

333 2315 410 2379 eiam
434 2312 568 2379 Triballi
593 2315 647 2398 (vs.
675 2317 771 2398 1529)
796 2297 949 2380 incolunti
976 2314 1087 2380 Strabo
1111 2314 1178 2380 VII
1200 2339 1230 2403 p.
1255 2319 1330 2396 295,
1356 2317 1430 2380 305.

424 2432 519 2494 lasa.
544 2426 606 2494 ἔστι
628 2424 695 2494 δὀιῦ
718 2431 803 2512 χώροι
827 2431 895 2511 πρὸς
918 2431 997 2511 οοὺπῷ

544 2547 585 2626 τῷ
607 2545 701 2627 σκότῳ
723 2545 811 2627 πόρρω
833 2569 878 2619 τις
900 2547 930 2610 ἕν

544 2669 581 2740 τῇ
605 2659 722 2741 λύχνων
745 2659 860 2743 ἐρημίᾳ.

332 2801 412 2863 quae
457 2777 551 2842 etiam
586 2776 612 2840 si
646 2775 794 2840 tacuisset
828 2775 994 2841 scholiasta
1022 2778 1239 2862 uuusquisque
1270 2798 1325 2862 pro
1358 2779 1388 2842 ἒν
1418 2786 1455 2858 τῇ

331 2895 448 2959 Σκυθῶν
470 2891 575 2975 ἐρημίᾳ
597 2891 682 2956 dicta
705 2913 770 2956 esse
793 2890 998 2976 intellegeret.
1023 2890 1131 2977 Pergit
1154 2899 1265 2978 poeta:

544 3004 611 3071 ἕνθοι
634 3013 696 3079 τοῖς
720 3003 820 3087 ἥρωσιν
844 3006 944 3087 ἄνθρω-

543 3143 592 3186 ποι
614 3117 801 3202 ξυνοιριππῶοι
825 3120 877 3186 xxi
901 3118 966 3196 ξύν·

545 3259 608 3300 εισι.

334 3352 494 3434 Quaenam
518 3351 560 3415 sit
583 3350 639 3414 illa
662 3351 747 3436 ragio
770 3373 827 3416 nos
850 3351 941 3417 docet
965 3350 1119 3418 Pindarus
1142 3351 1236 3439 Pyth.
1261 3352 1291 3417 X
1315 3356 1356 3418 30

466 3536 468 3539 ,
545 3465 630 3532 vauri
654 3467 680 3531 δ’
706 3467 770 3531 οὔτε
793 3466 880 3548 πεζὸς
904 3467 1049 3549 1ὼνποέχ’
1074 3465 1161 3549 εὕροις

544 3583 574 3654 ἐς
598 3581 793 3663 ’Ὑπερβορέων
816 3583 920 3660 οὶγῶνν
943 3584 1102 3660 οοουμοιτοὶν
1127 3582 1199 3648 ὀδόν.

544 3696 613 3776 παρ’
637 3690 676 3768 οἷς
699 3719 771 3761 ποτε
795 3697 918 3777 Περσεὺς
942 3697 1079 3762 &baleare
1103 3697 1248 3778 λοιγέτοις,

545 3811 660 3888 δώμιοο’
683 3812 814 3876 ἐσελθών.

377 3924 479 3990 Arbor
501 3948 545 3989 vs.
573 3928 657 3990 1473
681 3947 761 4009 quae
784 3927 825 3991 sit
848 3948 957 3991 eruere
977 3949 1040 3991 non
1059 3927 1159 4013 potui.
1185 3925 1327 3992 Nimium
1351 3926 1456 3991 differt

331 4039 421 4106 arbor
452 4041 710 4126 Argippaeorum‚
742 4042 859 4106 Herod.
892 4040 939 4106 IV
972 4044 1024 4121 23,
1055 4063 1135 4126 quae
1165 4050 1306 4127 tempere
1328 4040 1457 4105 hiemali

331 4155 491 4241 obtegitur
515 4155 667 4219 velamine
690 4153 779 4219 lanae
804 4163 937 4235 coactae,
961 4155 1079 4221 vernali
1102 4156 1267 4241 retegitur.

375 4270 633 4356 Investigandum
657 4274 704 4335 est
724 4268 837 4335 deiude
860 4271 914 4355 qui
938 4271 1002 4335 sint
1025 4270 1200 4341 Zmalaolae.

331 4384 386 4452 Va.
412 4388 508 4452 1553.
544 4389 612 4466 πρὸς
636 4385 668 4451 δὲ
690 4393 753 4458 τοῖς
775 4385 935 4451 Σκιοὶποοιν
957 4385 998 4450 ου’·

543 4498 840 4580 mmmm
