3592 5484
785 674 1021 720 summumne.

534 837 556 905 ὦ
577 848 668 905 τοῖσιν
691 840 854 922 ἀνθρώποις
877 843 982 924 φανεὶς
1004 841 1092 907 κοινὸν
1115 841 1275 923 ὠφέλημα.

380 979 633 1045 Achamensium
654 979 723 1045 loco
743 978 907 1045 verborum
928 981 1055 1066 quidem
1067 979 1214 1045 nullaest
1226 978 1464 1045 similitudosed

337 1092 444 1157 eadem
468 1101 516 1158 est
539 1091 705 1158 verborum
729 1094 868 1179 syntaxis
887 1101 919 1158 et
939 1094 1037 1159 totius
1056 1116 1164 1158 versus
1176 1115 1281 1172 sonus,
1292 1100 1325 1157 et
1336 1116 1463 1180 prorsus

336 1205 418 1271 idem
442 1207 575 1272 interest
598 1207 682 1272 inter
704 1206 971 1293 Aristophaneum
995 1207 1118 1272 versum
1141 1214 1174 1271 et
1195 1205 1405 1292 Aeschyleum
1427 1230 1464 1272 ac

336 1321 420 1385 inter
442 1319 699 1407 Dicaeopolidem
722 1321 877 1407 anguillas
902 1321 1106 1387 admirantem
1134 1329 1167 1386 et
1183 1319 1222 1385 Io
1240 1318 1463 1385 Prometheum

337 1441 569 1520 agnoscentem.
594 1434 732 1500 Accedit
755 1434 841 1520 quod
861 1435 923 1499 alio
947 1434 1118 1521 Aeschyleo
1135 1457 1225 1499 versu
1242 1456 1346 1519 neque
1358 1435 1464 1500 minus

334 1555 457 1613 mutato
480 1548 689 1635 respondetur
711 1548 869 1629 πρέσβειρα
891 1550 944 1614 κτέ
965 1572 1009 1615 vs.
1034 1550 1109 1613 883.
1134 1548 1380 1630 Quamobrem
1400 1570 1464 1613 non

338 1663 483 1750 ineptum
507 1661 588 1728 mihi
610 1663 738 1728 videtur
759 1663 900 1727 conicere
924 1663 1165 1749 Aristophanem
1191 1662 1323 1727 allatum
1341 1684 1465 1727 remum

242 1753 247 1760 ι
333 1774 373 1870 ad
407 1774 589 1841 Promethei
623 1799 731 1841 versus
764 1798 906 1841 normam
940 1776 1157 1864 composuisse.
1188 1774 1308 1841 Verum
1338 1775 1464 1863 probari

334 1888 412 1953 talia
435 1897 609 1975 nequeunt.

335 2127 390 2193 Vs.
416 2121 498 2193 883.
591 2129 749 2211 πρέσβειρα
772 2128 955 2204 πεντήκοντα
977 2131 1127 2214 Karalus
1148 2135 1233 2210 ιιοροῖν

383 2265 486 2332 Schol.
524 2268 563 2332 Ὀ
599 2269 705 2348 στίχος
736 2269 797 2333 aial
826 2268 977 2350 δράματος
1005 2268 1161 2350 Αἰσχύλου
1190 2267 1318 2335 Ὀτλοιν
1349 2271 1464 2351 κρίσεως
1556 2283 1561 2293 ’

337 2377 426 2453 οὗτος
456 2381 727 2463 ἐπιγεγραμμένον,
751 2383 781 2446 ἐν
804 2377 826 2462 ᾧ
848 2384 1035 2448 ἐπικαλεῖται
1058 2383 1114 2456 τοὶς
1137 2383 1289 2465 Νηρεῖδας
1312 2408 1357 2456 τις
1381 2381 1463 2459 ἐξελ·

336 2493 450 2566 θούσας
480 2503 584 2576 κρῖναι,
608 2496 678 2576 πρὸς
697 2494 753 2578 τὴν
776 2495 863 2560 Θέτιν
884 2496 979 2574 λέγων
1001 2546 1021 2571 ‚,
1031 2496 1169 2562 δέσποινα
1191 2498 1375 2572 πεντήκοντα
1398 2504 1463 2572 Νη·

332 2607 423 2689 patav
458 2609 578 2690 χοροῦ.”
618 2608 724 2673 Bentl.
755 2614 850 2690 κορῶν.
882 2607 992 2674 Valch.
1024 2616 1113 2692 χοροῦ
1142 2633 1199 2696 pro
1229 2614 1314 2691 κορᾶν
1345 2609 1383 2674 R.
1415 2608 1462 2676 cf.

335 2721 412 2786 Eur.
443 2722 543 2787 Andr.
569 2725 671 2800 126⁷;
691 2722 730 2786 fr.
752 2721 866 2787 Aesoh.
895 2725 957 2788 168
981 2722 1035 2802 N„
1059 2722 1205 2803 1751).;
1229 2722 1302 2811 Iph.
1326 2724 1363 2789 T.
1387 2727 1462 2792 427.

333 2833 503 2920 (Mueller).

378 2948 463 3015 Post.
493 2951 755 3032 ἐπιγεγραμμένου
783 2950 876 3016 verba
905 2951 1052 3017 excidisse
1081 2952 1240 3030 videntur,
1273 2950 1389 3037 quibus
1413 2976 1463 3018 ex-

333 3066 475 3150 posuerit
498 3063 668 3128 scholiasta
689 3086 787 3148 quare
807 3065 986 3152 tragoediae
1004 3063 1101 3129 ὄτλον
1119 3066 1208 3146 κρίσις
1228 3065 1344 3130 titulus
1355 3065 1462 3130 fuerit.

378 3177 529 3264 Appellat
557 3178 673 3263 aliquis
704 3176 871 3243 Thetidem
900 3184 939 3243 nt
968 3202 985 3243 e
1013 3179 1091 3243 mari
1114 3185 1253 3263 emergat
1276 3187 1308 3243 et
1331 3202 1348 3243 e
1372 3178 1464 3244 Scho

332 3290 441 3355 liastae
464 3289 565 3355 uerbo
595 3288 779 3366 ἐξελθούσας
809 3302 948 3378 apparet,
978 3294 1097 3380 opinor,
1129 3291 1242 3370 ἔκβαθι
1264 3315 1308 3358 vs.
1335 3295 1400 3357 884
1423 3293 1463 3358 ad

332 3405 492 3490 parodiam
516 3407 686 3491 pertinere.
711 3404 854 3470 Fortasse
877 3407 960 3492 apud
983 3407 1174 3493 Aeschylum
1196 3405 1304 3485 ἔκβηθι
1326 3408 1378 3473 rel
1399 3409 1463 3473 tale

332 3516 409 3601 quid
431 3519 631 3603 sequebatur.

333 3754 388 3821 Vs.
413 3749 494 3820 893.
904 3758 981 3834 μηδὲ
1003 3759 1061 3839 γιὶρ
1082 3757 1183 3825 θανών
1206 3782 1278 3823 ποτε

364 3949 366 3953 ¹
601 3878 654 3936 τοῦ
677 3873 768 3952 χωρὶς
790 3871 848 3946 εἴην
871 3871 1186 3950 ἐντετευτλανωμένης.

376 4008 502 4073 Gaudio
526 4009 630 4075 elatus
654 4009 723 4075 Dic.
748 4010 921 4095 anguillam
944 4011 1001 4075 diu
1023 4011 1232 4076 desideratam
1255 4011 1377 4076 salutat
1400 4034 1463 4076 ver-

331 4121 379 4187 bis
401 4122 518 4207 quibus
539 4124 729 4208 gravitatem
751 4125 903 4209 tragicam
928 4125 1088 4189 imitatur:

466 4265 540 4326 885.
565 4258 587 4326 ὦ
609 4263 746 4341 Φιλτάτη
770 4263 807 4327 σὺ
828 4261 880 4326 καὶ
903 4262 1000 4328 παλαι
1023 4262 1203 4341 ποθουμένη,
1329 4279 1335 4290 ”

567 4372 660 4449 ἦλθες
683 4375 803 4447 ποθεινὴ
827 4376 882 4454 μὲν
904 4378 1089 4457 τρυγῳδικοῖς
1111 4384 1220 4458 χοροῖς,

567 4489 643 4568 Φίλη
668 4489 699 4554 δὲ
721 4487 864 4570 Μινύην·
