3592 5484
369 701 433 763 210
792 717 978 764 rrmrramr
999 719 1036 764 11.

346 906 474 948 caecum
497 905 563 947 nou
586 883 658 946 vult
681 884 838 948 deserere:
864 888 951 950 1681
975 885 1048 949 ἀλλ’
1077 887 1101 950 εἰ
1123 884 1290 964 γαμοίμην,
1314 887 1352 950 σὺ
1375 888 1408 953 δὲ
1427 889 1483 966 μδ-

349 1007 395 1056 νος
430 983 564 1063 tomyris,
596 984 708 1065 πάτερς
740 989 825 1049 1686
855 986 910 1051 καὶ
940 987 985 1060 τίς
1014 1011 1049 1051 σε
1071 988 1188 1067 τυφλὸν
1210 987 1282 1051 ὄντα
1307 989 1482 1068 θεραπεύσει,

349 1083 463 1164 πάτερ,
489 1083 602 1170 Neque
626 1109 644 1149 a
667 1088 826 1172 proposito
849 1088 974 1152 desistit
996 1088 1050 1173 pia
1068 1087 1145 1166 filia,
1165 1096 1257 1174 parat
1276 1089 1322 1153 ire
1334 1098 1367 1154 et
1378 1113 1482 1156 senem

348 1187 563 1267 manuducit,
583 1211 627 1251 vs.
649 1190 752 1253 1720:
772 1189 847 1271 τᾷδε
864 1190 938 1270 τᾷδε
957 1189 1030 1266 βὶόί
1046 1213 1108 1268 μοι,
1129 1191 1202 1271 τᾷδε
1224 1192 1388 1273 τᾷδεπὸδιι
1400 1194 1477 1259 0110.

392 1285 455 1351 Sed
477 1287 571 1373 longe
594 1289 656 1354 alio
680 1296 799 1376 spectat
821 1314 865 1355 rs.
892 1292 977 1355 1657
1003 1312 1070 1378 sqq.
1094 1289 1170 1356 ubi:

526 1391 585 1468 ἐγώ
608 1396 670 1472 σφε
694 1392 779 1471 laidem
803 1391 858 1457 κᾶν
880 1391 1030 1472 ἀπεννέπῃ
1054 1392 1150 1466 πόλις.

346 1512 391 1556 va.
418 1493 515 1569 1659,
539 1490 596 1555 ubi
619 1492 748 1558 Creonti
769 1501 901 1558 mortem
925 1494 1086 1575 minitanti
1109 1494 1295 1580 respondet:

525 1595 597 1657 ἀλλ’
621 1595 739 1668 εὐκλεές
762 1619 805 1660 σοι
828 1595 878 1661 δύο
902 1595 981 1676 Φίλω
1006 1597 1120 1661 xristu
1144 1595 1251 1668 πέλας.

347 1700 380 1757 01
402 1694 545 1780 inprimis
573 1696 677 1759 1746:

390 1794 421 1860 ἓν
450 1795 478 1860 εἴ
505 1821 546 1874 με
575 1834 620 1844 -
646 1796 783 1876 καλύψω.
815 1820 905 1882 quae,
937 1798 1023 1882 quod
1046 1797 1220 1862 tenendum
1246 1805 1303 1877 est,
1326 1798 1480 1863 exclamat

347 1899 562 1962 0010101010
585 1921 621 1963 eo
645 1906 848 1963 0310100111
871 1908 959 1985 patre
983 1899 1126 1964 Athenas
1146 1900 1370 1984 proficiscatur.
1390 1899 1478 1964 Num

346 1997 412 2063 duo
441 1998 518 2064 baec
546 2001 640 2065 simul
664 2000 809 2086 perficere
832 2009 969 2086 poterat:
994 2009 1116 2087 patrem
1141 2000 1285 2064 Athenas
1308 2001 1424 2065 ducere
1445 2008 1478 2065 et

348 2098 432 2165 domi
455 2124 579 2166 manere
603 2110 640 2166 ut
663 2102 789 2166 11011001
813 2103 981 2188 sepeliret?
1005 2102 1079 2166 Non
1099 2103 1185 2187 fugit
1203 2100 1401 2166 scholiastam
1422 2103 1478 2167 dn·

347 2202 462 2287 plioem
484 2202 537 2267 hic
559 2201 686 2268 subesse
708 2204 927 2282 narrationem,
952 2226 1023 2267 cum
1048 2204 1088 2267 ad
1112 2226 1157 2266 rs.
1184 2205 1269 2267 1692
1292 2210 1474 2267 annotaret:

349 2305 397 2368 Οὐ
420 2313 505 2385 τηρεῖ
523 2307 556 2369 τὸ
579 2305 738 2385 σύμφωνον
750 2353 846 2368 .....
871 2309 933 2377 πῶς
955 2304 1014 2384 γὰρ
1035 2304 1122 2383 θάψει
1142 2304 1159 2377 ἧ
1180 2303 1337 2381 ’Λντιγένη
1356 2305 1406 2368 τὸν
1417 2313 1476 2370 110·

347 2405 480 2478 λυνείκνν
513 2407 591 2478 ariri
626 2404 845 2486 συμφεύγουσι
875 2407 915 2485 τῷ
947 2405 1052 2485 ποιτρίς
1084 2403 1239 2484 πλεονάζει
1268 2404 1299 2469 δὲ
1321 2404 1413 2486 τούτῳ
1435 2406 1476 2486 τῷ

346 2503 418 2569 εἴδει
441 2508 612 2587 Εὐριπίδης.
638 2505 685 2570 Cf.
707 2508 757 2571 ad.
781 2530 825 2571 vs.
851 2506 947 2571 1710.

391 2605 465 2671 Non
493 2616 621 2688 temere,
652 2609 771 2695 opinor,
794 2608 964 2673 statuimus
987 2608 1040 2671 hio
1062 2629 1162 2695 aeque
1185 2629 1222 2671 ac
1244 2606 1278 2670 in
1300 2605 1474 2671 Troadibus

345 2706 425 2772 duas
454 2707 576 2773 fabulas
605 2718 766 2774 contextas
788 2733 863 2788 eme,
887 2731 1021 2797 quarum
1045 2708 1145 2773 altera
1168 2709 1208 2773 de
1231 2707 1472 2793 1101113οο0110-

344 2813 424 2872 trem
449 2809 624 2894 sepelienti,
647 2811 746 2875 altera
768 2812 808 2876 de
831 2812 898 2874 eius
920 2809 1013 2875 exilio
1038 2796 1154 2894 ageret.

392 2910 425 2974 Si
449 2934 520 2976 vera
546 2920 622 2977 sunt
644 2935 724 3000 quae
746 2912 916 2998 disputavi,
940 2935 959 2975 a
981 2910 1163 2976 Phoenissis
1185 2909 1357 2996 separanda
1380 2917 1470 2975 sunt:

390 3010 418 3075 Ι.
442 3013 645 3102 colloquium
675 3012 818 3079 Creontis
847 3021 880 3078 01
911 3014 1089 3098 Antigonae
1117 3010 1282 3100 usquead
1305 3034 1349 3075 vs.
1375 3013 1470 3089 1660,

345 3111 431 3199 quod
461 3121 564 3178 tamen
594 3115 687 3179 certis
709 3113 961 3179 circumscribere
984 3112 1101 3177 finibus
1124 3112 1251 3177 difficile
1274 3119 1331 3176 est.
1356 3110 1470 3176 010010

345 3214 472 3302 quidem
503 3214 582 3281 bene
612 3215 788 3302 procedunt
809 3217 836 3280 31
859 3214 1051 3280 secludimus
1074 3237 1134 3279 vss
1161 3216 1392 3291 1639-1666,
1416 3213 1469 3278 sed

343 3315 435 3400 plura
458 3318 588 3382 fortasse
610 3319 643 3383 in
666 3319 775 3383 ricinis
797 3316 924 3382 turbata
947 3323 1034 3396 3001,
1053 3337 1157 3404 neque
1177 3315 1216 3379 de
1228 3315 1470 3401 interpolatione

342 3417 396 3481 sed
426 3417 465 3482 de
491 3418 616 3484 fabulae
637 3420 857 3484 retractatione
879 3427 927 3484 est
948 3416 1161 3503 cogitandum.
1186 3416 1316 3481 Movent
1338 3439 1388 3480 me
1410 3440 1469 3481 vas.
1574 3464 1581 3474 .

343 3518 430 3582 1010
452 3542 519 3608 sqq.

519 3621 596 3701 ἀτὰρ
618 3620 647 3684 σ’
675 3622 766 3702 ἐρωτῶ
789 3623 838 3686 τὸν
861 3619 964 3685 νεωστὶ
987 3621 1123 3701 κοίρανον,

515 3723 548 3786 σι’
567 3723 644 3786 τόνδ’
670 3722 793 3804 ὑβρίζεις
817 3720 920 3802 πατέρ’
943 3721 1138 3786 ἀποστέλλων
1160 3719 1282 3800 χθονόςς

514 3824 548 3887 σι’
566 3825 747 3901 θεσμοποιεῖς
770 3823 818 3889 ἐπὶ
839 3823 1017 3903 ταλαιπώρῳ
1040 3824 1145 3903 scarpim

381 3922 469 3989 Duas
498 3924 648 3989 habemus
678 3925 952 4011 interrogationem
983 3924 1022 3987 ad
1053 3923 1189 4009 priorem
1212 3942 1278 3986 non
1301 3920 1467 4005 respondet

335 4023 438 4089 Creon
468 4032 500 4089 01
523 4025 663 4111 spuriam
681 4048 748 4089 eam
773 4026 993 4090 existimarunt
1015 4022 1245 4088 Valckenarius
1269 4028 1302 4085 et
1323 4020 1465 4109 plerique

332 4125 529 4212 interpretes.
565 4126 804 4206 Firnhaberum,
842 4127 898 4214 qui
933 4123 1143 4189 Valckenario
1175 4123 1323 4200 occurrit,
1357 4120 1465 4185 1001113

335 4249 372 4290 011
403 4227 556 4314 Euripide
585 4228 724 4294 collectis
752 4227 901 4314 exemplis
928 4226 1212 4312 interrogationum
1236 4223 1277 4288 ad
1300 4246 1379 4312 quas
1401 4244 1464 4287 non

332 4328 567 4412 respondeatur,
597 4330 747 4395 refutarit
778 4328 865 4394 Geel.
889 4351 917 4392 a.
941 4328 973 4392 h.
997 4327 1019 4391 l
1044 4326 1158 4417 Neque
1178 4326 1312 4392 dubium
1335 4325 1465 4390 031100-

332 4428 452 4492 tionem
478 4429 621 4495 codicum
642 4453 705 4495 000
728 4429 767 4495 011
791 4430 943 4517 Euripide
965 4428 1137 4516 prolectam
1164 4450 1239 4494 0333.
1267 4424 1463 4492 Probabilem

331 4549 405 4592 vero
435 4550 561 4595 oausam
588 4531 664 4597 talis
692 4532 942 4619 interpolationis
975 4551 1080 4609 nemo,
1103 4529 1190 4619 qnod
1211 4528 1318 4608 301001,
1340 4526 1462 4592 attulit.
