3592 5484
668 628 711 672 nn
732 626 911 671 rsoanrsos
934 628 1106 674 noarrmrs.
1367 613 1430 675 205

331 823 413 865 mem
436 798 647 863 coniecturam
670 801 856 879 argumenta
878 795 1003 859 afferam
1019 818 1062 876 lex
1083 794 1199 880 quibus
1218 804 1367 882 appareat
1379 797 1461 862 mul·

330 909 380 966 tas
413 900 508 964 huius
541 895 718 981 tragoediae
754 905 858 981 partes
891 919 954 960 non
987 896 1161 973 cohaerere,
1194 898 1364 962 nonnullas
1395 906 1461 962 tam

334 1003 473 1087 dispares
498 1021 563 1063 esse
586 1004 624 1061 ut
646 997 729 1061 inter
752 1020 784 1061 se
808 1019 849 1062 ne
871 998 1031 1062 conciliari
1056 997 1184 1081 quidem
1207 999 1340 1082 possint.

379 1107 408 1166 1.
433 1098 601 1181 Προλογίζεν
635 1097 807 1183 Neptunus
836 1098 948 1162 Troiae
978 1121 996 1160 a
1029 1098 1156 1162 Graecis
1188 1105 1297 1184 captae
1328 1099 1460 1165 infortu-

332 1204 421 1268 nium
457 1201 618 1265 miserans.
654 1198 793 1285 Exponit
822 1221 902 1284 quae
933 1200 1014 1263 faeta
1046 1201 1120 1278 sint,
1153 1199 1302 1264 Troianas
1325 1201 1463 1286 captivas

332 1305 420 1369 intus
452 1303 624 1388 proximam
657 1301 784 1365 domum
818 1309 940 1365 coactas
974 1324 1039 1366 esse
1071 1310 1103 1364 et
1125 1302 1299 1382 mulierem,
1325 1303 1462 1386 quaein

335 1427 427 1470 scena
447 1404 614 1490 conspicua
637 1411 704 1466 erat
728 1401 803 1466 foris
825 1403 939 1481 iacens,
962 1404 1108 1467 miseram
1133 1425 1199 1467 esse
1221 1401 1395 1482 Hecubam,
1416 1427 1459 1468 rs.

336 1508 468 1569 36-44
490 1502 524 1589 ¹).
556 1502 730 1568 Intervenit
758 1502 910 1567 Minerva.
936 1503 1108 1568 Profitetur
1131 1527 1163 1568 se
1187 1504 1374 1568 sententiam
1399 1526 1480 1591 mu·¹

335 1613 426 1685 tasse,
450 1604 620 1688 odiumque
643 1627 706 1689 quo
728 1604 762 1669 in
781 1602 931 1669 Troianos
952 1605 1113 1689 flagrasset
1132 1606 1310 1690 deposuisse
1329 1613 1361 1670 et
1373 1604 1467 1671 Grae·

337 1708 381 1771 eis
404 1706 486 1770 mala
510 1705 611 1769 moliri
635 1729 679 1769 rs.
706 1708 757 1784 65,

513 1806 580 1878 τοὺς
604 1808 660 1883 μὲν
682 1807 745 1887 πρὶν
768 1807 886 1886 ἐχθροὺς
911 1810 1016 1886 Τρῶνις
1048 1808 1191 1887 εὐφρᾶναι
1215 1807 1296 1885 θέλω,

516 1909 631 1987 στρατῷ
654 1907 680 1970 δ’
705 1907 841 1985 Ἀχαιῶν
866 1906 963 1970 adores
987 1906 1137 1984 ε’μβκλεῖν
1161 1907 1265 1988 πννρθν.

383 2006 515 2071 Causam
538 2005 633 2069 huius
655 2006 779 2070 consilii
803 2007 928 2090 quaerit
952 2006 1125 2093 Neptunus
1149 2017 1181 2072 et
1201 2016 1290 2095 rogat
1310 2010 1388 2094 quid
1406 2012 1466 2075 fae-

339 2115 412 2172 tura
435 2108 487 2186 sit,
511 2106 563 2170 cui
584 2106 641 2170 illa
663 2107 778 2170 iterum
803 2130 847 2171 vs.
873 2110 932 2173 75:

517 2208 655 2280 δύστηνον
678 2209 777 2280 αὐτοῖς
802 2208 900 2273 νόστον
923 2209 1073 2287 ἐμβκλεῖν
1098 2210 1177 2275 θέλω.

383 2309 556 2395 Neptunus
587 2309 747 2372 Minervae
775 2310 940 2374 consilium
973 2309 1094 2395 probat,
1120 2310 1341 2396 digrediuntur
1365 2313 1469 2377 omnia

339 2410 479 2497 paraturi
509 2408 624 2492 quibus
656 2410 831 2475 infaustum
854 2410 988 2475 reddant
1011 2410 1149 2476 reditum
1173 2411 1374 2492 Graecorum,
1398 2435 1467 2498 pro·

341 2510 443 2590 cellas,
469 2509 612 2573 fulmina.
636 2510 681 2573 At
703 2510 785 2575 diras
808 2513 916 2576 iactati
938 2513 1039 2576 minas
1061 2512 1142 2576 nibil
1165 2521 1332 2599 peragunt.

384 2610 580 2696 Reputemus
601 2610 692 2675 verba
715 2611 832 2695 quibus
855 2619 979 2698 perorat
998 2612 1189 2698 Neptunus:

519 2715 610 2790 μῶρος
634 2711 666 2775 δὲ
690 2713 796 2785 θνητῶν
817 2711 896 2787 ὅστις
921 2715 1181 2795 europaeorum

520 2858 761 2876 ........
785 2814 875 2886 αὐτὸς
898 2813 979 2878 ὤλεθ’
1003 2812 1126 2896 ὕστερον.

340 2913 381 2978 In
403 2913 543 2978 dramate
565 2912 621 2975 tali
644 2912 773 2998 prologo
796 2914 952 2978 instructo
972 2913 1010 2978 de
1034 2914 1227 2980 Graecorum
1249 2924 1321 3002 post
1344 2916 1468 2982 Troiam

343 3021 464 3101 captam
501 3013 681 3077 infortuniis
716 3036 816 3078 sermo
848 3014 959 3079 saltem
989 3016 1044 3079 fiat
1075 3039 1199 3081 necesse
1230 3022 1287 3080 est.
1319 3017 1407 3082 Inter
1437 3041 1469 3082 se

342 3115 458 3202 opponi
496 3114 612 3179 debent
648 3114 793 3200 superbia
832 3116 986 3180 victorum
1024 3125 1056 3180 et
1096 3117 1226 3182 deorum
1258 3116 1389 3182 iustitia.
1423 3119 1469 3182 At

342 3217 418 3282 haec
452 3216 555 3280 omnia
585 3216 618 3279 in
649 3214 821 3280 Troadibus
849 3239 889 3280 ne
921 3216 1013 3281 verbo
1036 3217 1165 3302 quidem
1192 3219 1395 3303 attinguntur
1402 3245 1411 3297 3
1436 3220 1469 3283 in

342 3317 478 3382 transitu
511 3316 594 3380 canit
624 3315 780 3381 Casandro
812 3337 929 3382 errores
960 3317 1090 3404 Ulyssis,
1123 3319 1177 3383 sed
1209 3320 1301 3382 finem
1322 3319 1470 3384 dramatis

341 3419 416 3484 facit
446 3417 627 3483 incendium
658 3417 758 3496 urbis3
789 3419 1020 3503 triumphantes
1051 3427 1083 3484 et
1112 3418 1329 3505 superbientes
1352 3419 1472 3485 abeunt

343 3520 535 3585 Graecorum
558 3541 654 3602 reges,
677 3540 791 3603 poenas
817 3517 980 3603 superbiae
1003 3520 1080 3583 dant
1103 3519 1216 3584 nullas.

387 3620 501 3705 Neque
525 3619 631 3705 poenis
654 3618 687 3682 in
712 3618 770 3682 boc
794 3619 933 3683 dramate
957 3619 1045 3684 locus
1069 3627 1125 3683 est.
1148 3619 1291 3684 Fuerunt
1314 3621 1369 3704 qui
1393 3620 1472 3685 arbi-

346 3800 540 3810 ————

378 3890 396 3951 ¹)
414 3889 467 3939 Hos
483 3906 566 3939 versus
582 3890 691 3953 legentes
709 3897 864 3954 expectamus
882 3892 934 3941 fure
952 3897 981 3939 ut
997 3899 1054 3956 pust
1071 3908 1105 3941 vs.
1124 3891 1156 3942 47
1175 3898 1248 3957 caput
1265 3892 1376 3941 sublevet
1386 3895 1471 3958 regina

345 3974 369 4017 et
393 3969 462 4032 loqui
488 3968 605 4018 ordiatur.
634 3968 704 4017 Hauc
728 3969 794 4017 enim
819 3970 899 4034 legem
923 3971 949 4018 iu
971 3971 1086 4019 omnibus
1107 3987 1168 4035 quae
1187 3978 1319 4036 supersunt
1338 3973 1472 4036 tragoediis

344 4048 454 4111 sequitur
472 4040 603 4112 Euripides
619 4055 646 4096 ut
665 4048 686 4095 is
704 4048 745 4112 qui
763 4047 877 4097 adtremat
894 4056 937 4097 ant
957 4050 1006 4098 iam
1024 4050 1050 4097 iu
1068 4065 1140 4098 scena
1158 4049 1231 4108 adsit,
1247 4051 1350 4100 simulac
1369 4053 1424 4116 quis
1439 4053 1473 4102 sit

346 4133 471 4176 usmetum
496 4133 533 4176 est
557 4127 595 4175 vel
621 4127 705 4191 potius
732 4127 834 4176 simulac
861 4128 906 4177 ille
934 4129 975 4192 qui
1001 4129 1110 4177 narravit
1128 4130 1201 4177 finem
1218 4128 1315 4178 dicendi
1334 4131 1402 4189 feeit,
1419 4149 1473 4196 pro-

324 4205 401 4254 'deut
426 4215 450 4254 et
472 4207 545 4255 rerba
567 4208 646 4254 facere
667 4206 778 4270 incipiat.
804 4206 858 4255 Vid.
890 4224 912 4255 v.
932 4207 1024 4256 edla.
1043 4209 1083 4265 24,
1102 4206 1263 4273 29,Hipp01.
1282 4211 1322 4267 53,
1341 4211 1380 4268 58,
1399 4210 1471 4260 Herc.

346 4286 393 4333 tur.
412 4286 452 4343 14,
470 4286 509 4334 64.
531 4284 599 4334 Unae
615 4284 722 4334 Troadas
739 4286 769 4334 ab
787 4285 832 4334 bue
848 4286 902 4349 lege
920 4287 1042 4335 recedunt.
1063 4287 1133 4351 Quod
1151 4297 1233 4336 tamen
1253 4304 1302 4338 non
1321 4306 1401 4353 urgeo,
1417 4307 1471 4340 euru

346 4370 385 4412 tot
410 4363 538 4428 Euripidis
559 4365 656 4413 fabulae
680 4365 801 4430 perierint
827 4364 855 4413 de
882 4382 984 4429 quarum
1010 4368 1189 4432 compositione
1211 4367 1276 4417 nihil
1294 4369 1414 4418 traditum
1431 4370 1473 4420 sit.

348 4443 460 4493 Fortasse
478 4443 505 4491 iu
520 4443 657 4493 Troadibus
675 4443 791 4509 Aeschyli
808 4446 947 4509 exemplum
962 4453 1059 4496 secatus
1073 4453 1110 4496 est
1124 4445 1153 4495 de
1167 4463 1214 4512 quo
1230 4447 1278 4497 vid.
1294 4448 1331 4498 sd.
1341 4449 1402 4499 Itan.
1413 4450 1472 4500 834.
