3592 5484
833 682 949 727 aaran.
1371 670 1433 730 165

336 849 443 917 Αἵοιντι
474 873 547 915 omn
575 849 704 933 reliquis
728 849 833 937 aliquo
858 850 959 928 modo,
983 850 1192 935 grammatice
1216 851 1335 925 saltem,
1360 853 1465 918 cohae-

334 972 411 1044 reat,
443 986 568 1029 necesse
600 969 655 1026 est.
686 961 916 1048 Interpretatur
940 961 1097 1027 Fritscbe:
1122 962 1249 1027 densam
1273 964 1460 1051 phalangem

335 1080 425 1145 Aiaci
448 1078 636 1157 adstantem,
661 1084 698 1141 ut
716 1079 749 1142 τὸ
769 1077 922 1155 τνρκλινὲς
941 1077 1098 1142 obiectum
1119 1078 1160 1142 sit
1179 1078 1265 1143 rerbi
1285 1081 1461 1160 ποοριιτχιίν.

334 1192 386 1257 110
408 1214 481 1257 vero
502 1190 576 1254 00110
598 1213 692 1255 sanus
711 1190 815 1255 evadit
833 1212 951 1268 sensus,
973 1212 1046 1275 quo,
1066 1214 1134 1255 mea
1154 1191 1282 1276 quidem
1304 1194 1459 1278 opinione,

334 1307 435 1370 omnis
467 1303 593 1390 parodia
623 1303 757 1367 tollitur.
791 1305 952 1368 Hermann
979 1304 1134 1389 Aeschylo
1158 1304 1274 1369 tribuit
1297 1330 1325 1369 τ.
1350 1323 1459 1385 coya).

333 1417 361 1483 τ)
384 1420 431 1484 ἐπ’
456 1420 504 1483 Ἀ.
531 1415 616 1499 ξίφος
639 1417 678 1482 01.
702 1410 806 1482 Schol.
832 1417 925 1502 Soph.
950 1419 1002 1483 Αἰ.
1029 1420 1092 1482 833
1116 1441 1166 1504 ap.
1193 1418 1232 1485 D.
1259 1421 1295 1483 lr.
1321 1424 1372 1486 78.
1400 1421 1461 1486 Res
1564 1466 1566 1470 ι

334 1532 454 1597 incerta
477 1538 534 1596 est.

380 1645 428 1711 De
452 1644 584 1731 singulis
607 1642 744 1708 versibus
766 1643 934 1709 videamus.

378 1757 432 1822 Vs.
469 1760 565 1837 1285,
596 1756 723 1821 verbnm
754 1757 866 1834 πέμπει
893 1760 988 1838 1287,
1013 1782 1056 1822 rs.
1083 1762 1168 1822 1289
1193 1766 1269 1823 sunt
1294 1762 1457 1844 Agamem·

334 1871 424 1936 nonis
458 1873 518 1935 109
551 1891 619 1954 sqq.
652 1868 764 1958 Schol,
796 1870 851 1953 qui
879 1870 979 1948 οὶκμίιν
1005 1871 1036 1935 δὲ
1061 1871 1114 1943 τὴν
1138 1873 1261 1946 νεότητα
1285 1872 1457 1959 adscripsit,

334 2008 389 2071 pro
413 1983 493 2063 ἥβιις
516 1981 597 2062 aldan
620 1984 668 2047 rel
691 1983 792 2060 οίκμίιν
814 1984 901 2068 legit,
926 2005 1006 2067 quae
1028 1984 1121 2049 etiam
1138 1984 1295 2050 librorum
1310 1987 1456 2072 Aeschyli

335 2106 382 2163 001
405 2098 511 2162 lectio.

378 2211 429 2276 Ad
453 2234 497 2276 vs.
524 2211 608 2274 1287
633 2211 763 2291 Σφίγγα
782 2211 959 2289 δντοιμεριὶν
976 2210 1114 2291 πρύτανιν
1134 2211 1461 2277 κύνοιὸ011ο1.;τοιῦτοο

333 2325 363 2390 δὲ
383 2327 416 2390 ἐκ
428 2326 569 2405 Σφιγγὸς
582 2323 754 2403 Ἀιτχιίοο0
769 2323 845 2387 Fuit
856 2322 961 2387 drama
974 2324 1143 2408 satyricum
1155 2346 1172 2388 e
1184 2326 1351 2410 tetralogia
1363 2325 1457 2390 Oedi·

335 2440 433 2524 podea
458 2438 548 2502 cuius
567 2437 696 2501 luerunt
714 2436 819 2514 Laius,
841 2436 992 2522 Oedipus,
1011 2436 1096 2523 Sept.
1117 2438 1186 2502 adr.
1207 2436 1304 2518 Theb,
1326 2439 1456 2524 Sphinx.

378 2552 429 2617 Ad
463 2553 546 2615 1291
581 2558 673 2631 κυρεῖν
702 2588 748 2598 -
768 2550 943 2630 ἀεροφοίτοις
967 2550 1069 2615 Schol.
1094 2550 1132 2615 R.
1159 2559 1191 2615 et
1216 2551 1255 2615 V.
1281 2574 1459 2638 perperam:

334 2671 419 2731 τοῦτο
450 2661 483 2738 ἐξ
515 2663 750 2742 Ἀγαμέμνονος.
782 2662 822 2726 Iu
846 2686 979 2727 errorem
1006 2662 1128 2728 inducti
1153 2672 1229 2729 sunt
1254 2665 1458 2730 101111οπτο-

333 2786 403 2842 νοῖτι
426 2775 495 2841 acal
519 2775 629 2856 ποοτρίς
652 2799 691 2839 vs
720 2776 790 2838 136.
817 2775 844 2840 Ε
869 2775 1005 2862 Sphinge
1030 2800 1154 2842 versum
1174 2800 1241 2841 0000
1261 2779 1459 2864 suspicantur

332 2891 384 2956 Fr.
408 2899 441 2955 01
465 2889 509 2954 N.

377 3003 424 3069 De
449 3028 493 3068 vs.
519 3007 605 3067 1291
629 3002 731 3068 Schol.
755 3004 941 3084 Τιμιιχίδιις
966 3003 1044 3084 <bari
1068 3010 1154 3069 τοῦτο
1174 3007 1204 3069 ἐν
1223 3006 1303 3078 ἐνίοις
1321 3006 1364 3082 μὴ
1384 3005 1457 3087 γροί-

330 3120 449 3201 Φετίοιι.
482 3117 679 3187 Ἀπολλώνιος
705 3116 736 3181 δέ
759 3122 850 3197 φησιν
870 3119 902 3182 ἐκ
924 3122 1063 3197 Θρρττῶν
1087 3119 1160 3182 adri
1179 3113 1261 3183 εἶναι.
1281 3116 1329 3184 De
1348 3118 1458 3183 Thres-

330 3231 374 3296 sis
407 3231 470 3295 vid.
503 3229 599 3294 Dind.
630 3230 668 3295 ad
700 3230 737 3294 fr.
772 3231 911 3295 77-79.
942 3229 1030 3295 ldem
1059 3231 1099 3296 iis
1122 3254 1158 3297 ac
1182 3230 1344 3316 Sophoclis
1367 3233 1456 3296 Aiaci

329 3344 393 3409 fuit
415 3349 648 3429 argumentum.

331 3569 386 3635 Vs.
414 3562 519 3632 1305.
876 3567 969 3632 κιοίτοι
992 3568 1023 3632 τί
1045 3568 1090 3633 δεῖ

557 3679 646 3761 λύροος
669 3679 719 3745 ἐπὶ
742 3686 860 3756 τοῦτονς
885 3685 941 3745 ποῦ
965 3681 1039 3744 ’ττιν
1063 3685 1080 3754 ἡ
1103 3687 1165 3753 τοῖς
1189 3679 1338 3761 ίττροίκοιρ

554 3791 630 3867 adra
654 3799 811 3874 κροτοῡτοο;
837 3793 923 3874 δεῦρο,
948 3793 1045 3857 Mose·
1070 3793 1241 3874 Εὐριπίδου.

375 3909 478 3974 Schol.
504 3907 626 3986 λέγεται
649 3908 680 3972 δὲ
704 3910 743 3981 είς
766 3908 819 3980 τίιν
842 3908 1013 3988 ’Ὑψιπύλην
1036 3913 1144 3972 τοιῦτοι.
1171 3907 1211 3971 In
1235 3908 1293 3971 boc
1317 3908 1456 3971 dramate

330 4023 456 4087 videtur
478 4021 594 4085 mulier
616 4021 766 4106 prodiisse
791 4043 871 4105 quae
894 4022 982 4085 testis
1001 4042 1113 4084 sonum
1134 4019 1300 4085 edentibus
1318 4021 1382 4084 sive
1395 4042 1456 4084 cre·

329 4135 458 4223 pundiis
483 4132 642 4198 utebatur.
669 4133 802 4198 Photins
825 4134 859 4198 iu
882 4132 1069 4214 νροτιιλίζειν.
1096 4134 1142 4198 Οὐ
1162 4133 1211 4197 διὰ
1230 4138 1332 4213 χειρῶν
1345 4140 1454 4212 κροτεῖν

329 4249 413 4315 aaa&
435 4248 485 4312 aa
507 4246 646 4328 κροτοίλον
671 4255 724 4322 τῆς
746 4247 970 4328 κροτοιλιτοίτνς,
995 4247 1033 4318 ὥς
1056 4246 1220 4326 Εὐριπίδης
1243 4245 1337 4325 Φντίν
1361 4247 1374 4310 c‘
1397 4270 1454 4309 κο)-

329 4363 413 4439 μιιιὸς
443 4358 507 4436 περί
532 4367 586 4434 τῆς
610 4360 781 4439 ’Ὑψιπύλης
805 4360 907 4438 λέγων.
935 4358 994 4423 His
1018 4357 1156 4423 Fritsobe
1182 4358 1299 4423 mederi
1323 4365 1456 4423 conatur

329 4472 516 4539 emendans:
548 4473 603 4537 Οὐ.
628 4473 654 4537 l.
679 4496 713 4552 χ.
738 4498 791 4554 κρ..
815 4473 898 4538 οίλλίι
920 4472 968 4537 διὰ
991 4471 1141 4551 κροτοίοιον·
1164 4469 1255 4544 οὕτως
1278 4471 1448 4552 Εὐριπίδης,
