3592 5484
359 506 423 567 122
718 517 1078 587 rnnsuornoamzusaa.

221 667 225 672 ⁸
336 685 423 762 ξετε;
449 687 509 751 Sed
528 685 572 751 ibi
584 686 812 772 Blepsidemus,
824 684 972 763 τύμπανα
985 685 1039 751 zai
1050 685 1183 767 κύφωνες
1195 694 1353 774 umquam
1365 686 1463 750 socios

332 801 365 864 in
387 801 537 864 auxilium
563 800 621 865 sibi
646 803 804 878 invocans,
829 799 973 864 consulto
996 801 1116 864 usitato
1134 798 1298 884 grandiore
1319 821 1460 863 sermone

332 915 446 978 utitur.
479 914 550 986 Βεὶνν
582 914 698 978 irritati
730 914 878 1002 frequens
911 921 958 976 est
980 913 1014 977 in
1036 912 1199 999 Euripide,
1223 911 1381 976 Heraclid.
1408 914 1460 991 73,

334 1031 408 1105 128,
434 1031 507 1106 656,
532 1028 604 1115 Iph.
624 1028 719 1093 Taur.
747 1031 843 1094 1307.
868 1026 1110 1112 Paratragoedia
1129 1025 1461 1114 haecgmulierisrerba

333 1142 500 1206 existimari
523 1151 651 1228 possent
674 1144 734 1207 nisi
759 1151 823 1206 tam
849 1150 922 1228 apte
944 1140 1082 1226 Telepho
1109 1149 1326 1226 congruerent.

378 1258 429 1319 An
453 1257 486 1319 in
514 1257 569 1320 hac
593 1280 684 1321 scena
709 1256 801 1342 plura
824 1254 1003 1340 tragoediae
1027 1253 1200 1319 debeantur
1222 1253 1386 1319 decernere
1409 1255 1460 1320 vix

333 1371 442 1433 ausim.
473 1369 513 1433 In
545 1371 673 1455 parodia
704 1377 827 1456 poetam
859 1369 973 1433 versari
1005 1369 1147 1433 indicant
1169 1369 1291 1433 numeri
1314 1371 1346 1433 et
1368 1366 1461 1432 verba

333 1507 392 1548 rss.
417 1487 491 1564 700,
517 1486 580 1548 715
601 1492 633 1549 et
655 1486 717 1548 716
740 1484 815 1567 (Str.
838 1486 901 1549 675
922 1492 954 1547 et
976 1485 1061 1565 676),
1084 1486 1148 1548 724
1161 1481 1234 1567 (Str.
1247 1485 1335 1567 685),
1348 1481 1460 1546 deinde

333 1597 461 1662 αὐθαδία
493 1601 556 1664 705
588 1607 621 1662 et
646 1598 776 1662 fortasse
804 1602 856 1661 τοῦ
881 1596 1007 1661 θανάτου
1030 1597 1067 1669 δ’,
1092 1592 1257 1689 ὦπαιδίνν,
1281 1596 1412 1674 μόνην..
1428 1644 1457 1659 ..

333 1711 415 1774 alred·
439 1711 491 1783 τὴν
510 1712 624 1792 μητέρα
646 1713 720 1784 731,
743 1733 823 1799 quae
842 1711 881 1775 de
901 1709 1150 1795 Clytaemnestra
1164 1709 1306 1794 intellegi
1318 1717 1459 1795 possunt

333 1825 378 1886 At
409 1822 483 1888 haec
514 1826 606 1888 mitto
630 1847 748 1890 memor
770 1830 822 1888 τοῦ
845 1824 939 1901 μηδὲν
961 1823 1053 1901 ἄγαν.
1079 1821 1155 1887 Post
1178 1845 1221 1886 vs.
1247 1825 1310 1886 732
1333 1821 1460 1887 nullum

332 1936 461 2023 Telephi
484 1938 649 2022 vestigium
672 1939 839 2024 reperitur.
863 1937 903 2002 In
928 1936 1087 2022 tragoedia
1110 1945 1250 2002 servatur
1270 1935 1405 2015 Orestes,
1425 1937 1459 2001 in

335 2052 492 2117 comoedia
528 2062 636 2117 contra
667 2061 738 2118 uter
767 2053 843 2133 nini,
876 2076 970 2141 quem
1003 2053 1117 2117 mulier
1141 2061 1301 2140 tamquam
1326 2073 1459 2137 puerum

332 2166 471 2246 curabat,
496 2167 686 2231 trucidatur.
712 2167 777 2248 Qui
802 2166 845 2231 ihi
868 2167 987 2251 legitur
1009 2189 1115 2230 sersus
1140 2169 1213 2244 758,

621 2282 702 2345 rerrri
726 2283 760 2345 τὸ
783 2281 878 2361 δέρμα
901 2289 956 2354 τῆς
979 2282 1079 2361 ἱερείας
1103 2281 1246 2358 γίγνεταί

333 2397 489 2479 genuinus
519 2419 581 2460 non
614 2421 679 2460 esse
708 2396 787 2460 mihi
818 2396 954 2460 videtur.
985 2396 1058 2460 Non
1079 2397 1161 2459 enim
1184 2394 1273 2459 rideo
1295 2418 1392 2483 qnare
1413 2418 1461 2460 ro·

333 2516 436 2592 gasset
458 2510 587 2587 mulier,
611 2511 643 2574 τί
663 2519 717 2583 τῆς
740 2511 841 2591 ἱερείας
863 2512 1000 2588 γίγνεται
1024 2510 1049 2574 si
1072 2512 1134 2575 iam
1158 2511 1191 2574 τὸ
1211 2510 1305 2591 δέρμα
1323 2510 1461 2575 dedisset

333 2620 381 2685 vel
404 2620 476 2686 dare
498 2623 659 2708 pollicitus
676 2631 758 2688 esset
778 2623 1001 2688 Mnesilochus.
1022 2623 1122 2687 Ortus
1140 2631 1187 2687 est
1206 2646 1243 2688 ex
1255 2624 1459 2689 annotatione

333 2735 372 2799 ad
402 2738 492 2801 τεντί.
517 2736 690 2824 Adseripsit
714 2738 830 2826 aliquis
853 2740 886 2803 τὸ
910 2738 1014 2818 δέρμα,
1041 2739 1135 2821 (sieut
1157 2736 1196 2800 ad
1219 2735 1291 2822 Lys.
1317 2740 1380 2801 603
1404 2736 1457 2802 καί

332 2851 471 2913 ταυτασί·
502 2851 569 2923 Τὶς
599 2852 747 2937 ταινίας.)
782 2850 868 2939 quod
899 2873 971 2915 cum
997 2851 1028 2915 τί
1048 2859 1102 2923 τῆς
1125 2852 1225 2931 ἱερείας
1248 2851 1382 2928 γίγνεται
1405 2873 1458 2915 uo·

332 2984 404 3025 vum
430 2964 539 3048 genuit
562 2987 694 3028 versum.
719 2964 846 3029 Excidit
870 2965 999 3029 fortasse
1024 2987 1131 3028 versus
1154 2963 1349 3028 Mnesilochi.

332 3172 388 3239 Vs.
413 3169 495 3239 776.
809 3173 830 3240 ὦ
855 3185 954 3257 χεῖρες
976 3177 1058 3255 ε’μαὶ,

619 3292 763 3370 ἐγχειρεῖν
786 3298 862 3370 χρῆν
886 3289 959 3371 ἔργῳ
982 3289 1103 3371 πορίμῳ.

620 3404 679 3482 ἄγε
701 3405 736 3477 δὴ
761 3405 890 3469 πινάκων
913 3401 1022 3479 ξεστῶν
1046 3405 1151 3484 δέλτον,

620 3516 742 3592 δέξασθε
766 3520 877 3594 σμίλης
900 3518 1012 3597 ὁλκοὺς,

620 3632 748 3712 κήρυκας
770 3633 849 3710 ε’μῶν
872 3631 1005 3711 μόχθων·
1029 3630 1113 3708 οἶμαι.

332 3752 364 3808 et
387 3769 404 3809 e
427 3745 630 3829 sequentihus

335 3869 388 3937 Vs.
414 3863 493 3935 783.
618 3871 754 3950 βάσκετ’,
778 3870 915 3948 reson&

376 3984 589 4050 Mnesilochus
618 3986 752 4049 Oeaeem
782 3986 927 4048 imitatur
957 3985 1012 4072 qui
1043 3976 1076 4047 iu
1099 3983 1260 4068 Euripidis
1283 3981 1458 4065 Palamede,

332 4106 410 4162 teste
434 4098 613 4178 Scholiasta,
638 4101 714 4163 remi
740 4098 832 4163 rerba
857 4098 1025 4184 insculpsit
1049 4121 1129 4187 quae
1152 4107 1271 4183 patrem
1294 4098 1332 4162 de
1357 4099 1460 4164 fratria

332 4221 431 4276 morte
454 4216 616 4277 certiorem
641 4214 786 4277 facerent.
812 4214 863 4278 Ad
887 4236 930 4277 vs.
960 4215 1020 4276 771
1042 4212 1160 4298 duplex
1177 4221 1263 4276 extat
1282 4213 1458 4290 Scholium;

331 4326 415 4413 quod
438 4326 571 4390 alterum
595 4327 689 4393 hahet
701 4376 800 4392 .....
824 4328 991 4408 ἐπιγράψαι
1015 4327 1055 4399 εἱς
1078 4325 1135 4397 τὰς
1159 4331 1230 4397 ναῦς
1252 4326 1347 4390 errori
1371 4324 1461 4390 debe·
