3592 5484
355 615 418 676 las
833 629 960 676 muros.

337 797 552 861 abiudicemus
583 795 707 858 nullum
731 797 806 859 satis
828 796 952 861 firmum
976 799 1062 882 cogit
1085 808 1318 884 argumentum,
1339 802 1365 864 si
1389 824 1458 866 con·

335 909 518 988 sideramus,
546 911 731 992 probabilius
754 913 798 994 fil
827 934 883 973 noa
913 913 1009 975 minas
1031 935 1122 997 neque
1144 898 1351 997 Horppiorem
1373 937 1457 978 aeco-

332 1025 424 1085 tiones
447 1025 580 1107 srdidae
605 1024 716 1084 esiliam
737 1024 852 1108 satiare,
883 1027 935 1086 sed
954 1027 1137 1088 sanationem
1162 1027 1272 1089 Phinei
1294 1029 1457 1091 crociam

333 1137 498 1198 restituerit
539 1137 741 1215 Aesculapius.
782 1139 982 1219 Argonautae
1012 1137 1096 1201 enim
1127 1137 1280 1203 Phineum
1312 1140 1459 1204 adierunt

333 1249 449 1335 (Apoll.
486 1249 556 1325 Rh,
582 1248 738 1334 Apollod.‚
761 1251 844 1333 Hyg.
869 1250 891 1312 l.
915 1249 949 1331 l.)
973 1250 1004 1313 in
1029 1273 1165 1333 qnorum
1189 1274 1321 1316 numero
1344 1277 1361 1316 a
1384 1276 1460 1319 non·

334 1364 433 1427 nullis
465 1363 686 1446 Aesculapium
721 1362 861 1426 habit-mu
891 1363 987 1426 fnisse
1010 1373 1139 1449 apparet
1163 1388 1200 1428 ex
1223 1367 1304 1449 Hyg.
1329 1366 1390 1430 lab.
1418 1371 1459 1431 14

334 1477 401 1560 (ubi
424 1477 603 1561 Aesculapii
624 1485 656 1540 et
674 1476 838 1540 duodecim
858 1476 990 1540 aliorum
1003 1479 1130 1541 nomina
1143 1479 1296 1563 expunxit
1308 1477 1459 1558 Schmidt,

335 1599 372 1655 ut
402 1591 527 1654 ridetur
551 1591 623 1673 quia
647 1592 678 1653 iu
704 1589 856 1674 Apollinii
880 1589 940 1653 Rh.
964 1591 1106 1674 catalogo
1130 1591 1254 1670 desunt,
1279 1592 1317 1655 cl.
1343 1590 1458 1655 Philol.

337 1708 418 1769 leot
454 1728 484 1790 p.
514 1707 589 1785 432)
621 1714 653 1767 et
685 1703 783 1768 Clem.
816 1705 917 1782 Alex„
951 1705 1064 1769 Strom.
1088 1705 1104 1767 Ι
1129 1729 1159 1790 p.
1184 1709 1247 1768 322
1270 1706 1318 1783 B.,
1342 1708 1397 1790 qui
1420 1707 1459 1771 ad

337 1819 539 1904 Apollonium
564 1825 720 1903 provocat.
742 1818 964 1902 Aesculapium
984 1817 1146 1882 Phineidis
1165 1821 1266 1881 risum
1286 1820 1459 1884 restituisse

337 1941 442 1996 narrat
475 1931 669 2015 Phylarchus
700 1930 802 1993 Sehol.
823 1930 914 1994 Piud.
940 1930 1032 2015 Pyth.
1058 1931 1110 1994 ΙΙΙ
1137 1936 1179 1994 96
1203 1940 1233 1995 et
1259 1932 1343 1995 Sext.
1368 1933 1458 2018 Emp.

336 2047 404 2110 adr.
429 2068 557 2128 gramm.
584 2069 613 2129 p.
640 2047 715 2108 272.

383 2158 469 2221 Haec
498 2180 569 2220 xero
593 2158 781 2233 coniectura,
806 2179 877 2219 cum
900 2157 939 2220 de
962 2166 1069 2220 sanato
1093 2156 1213 2220 Phineo
1236 2159 1315 2222 nihil
1339 2159 1461 2223 invene-

336 2272 393 2334 rim
427 2292 529 2352 neque
563 2269 648 2333 Plut.
682 2272 745 2331 635
777 2268 815 2332 de
846 2268 969 2333 duobus
1000 2269 1160 2333 Phineidis
1188 2271 1329 2355 intellegi
1354 2273 1459 2356 possit,

337 2388 453 2450 ineerta
483 2394 538 2448 est.
571 2385 637 2448 Hoc
663 2407 761 2447 unum
786 2385 929 2448 affirmari
953 2407 1040 2469 posse
1064 2384 1141 2447 mihi
1165 2385 1290 2448 ridetur
1314 2386 1460 2470 Harpyiis

265 2504 269 2511 “
339 2501 370 2562 in
396 2500 533 2562 dramate
559 2498 730 2583 Sophocleo
753 2498 854 2561 locum
879 2520 939 2560 uon
964 2498 1058 2561 fuisso
1082 2520 1195 2581 casque
1219 2498 1373 2582 Aeschylo
1397 2522 1460 2563 eme

336 2611 518 2675 reddendas.
552 2611 631 2674 Mihi
657 2614 738 2675 enim
764 2612 948 2696 persuadere
972 2634 1033 2674 non
1058 2634 1138 2694 queo
1160 2620 1224 2674 tam
1250 2613 1459 2676 immemorem

337 2728 431 2790 luisse
456 2726 639 2812 Sophoclem
663 2727 742 2809 legis
765 2728 909 2810 tragicae,
934 2748 1013 2808 quae
1038 2727 1110 2800 aizo
1132 2722 1237 2804 πρᾶξιν
1262 2723 1330 2797 ἕλην
1353 2751 1386 2790 τε
1410 2727 1460 2790 xxi

336 2843 450 2904 τελείκν
472 2850 587 2925 poscat,
613 2849 648 2903 ut
671 2839 825 2904 Phineum
851 2839 971 2902 fecisset
995 2839 1026 2902 in
1044 2839 1152 2902 eodem
1172 2838 1311 2902 dramate
1331 2838 1461 2924 hispoe·

335 2977 392 3019 nas
414 2955 566 3018 luentem.

382 3068 441 3131 Sed
472 3068 571 3165 aliud⁸
591 3068 679 3132 addit
701 3074 921 3152 argumentum
946 3065 1107 3130 Welcker:
1132 3065 1241 3143 „Dass
1261 3066 1315 3129 das
1340 3064 1456 3128 Drama

337 3183 424 3259 „den
451 3185 601 3266 Ausgang
624 3183 728 3257 nahm,
748 3181 807 3244 den
831 3183 885 3244 wir
908 3179 956 3244 bei
982 3179 1181 3264 Asclepiades
1206 3178 1320 3257 finden,
1345 3181 1386 3242 ist
1409 3181 1460 3244 da·

338 3320 437 3372 „raus
460 3295 539 3373 klar,
563 3296 634 3359 dass
657 3296 707 3359 die
730 3294 900 3380 Harpyieu‚
927 3295 984 3356 mit
1006 3294 1077 3357 dem
1101 3292 1253 3356 Beiwortc
1273 3293 1460 3370 καταράκται

339 3410 405 3485 „im
431 3408 572 3472 Phineus
594 3408 792 3472 rorkamcu.’'

381 3523 483 3603 Quam
508 3531 544 3585 ut
567 3522 676 3607 probet
699 3522 910 3585 coniecturam
933 3521 1017 3584 affert
1043 3521 1145 3583 locum
1172 3518 1322 3602 Hesychii
1349 3520 1459 3602 quiin

337 3659 409 3699 rore
421 3637 635 3714 ›caxarsam-r·
647 3634 772 3699 scribit:
787 3636 900 3712 ἑχετὲς,
914 3630 992 3711 5:525.
1007 3631 1059 3695 xxi
1072 3633 1085 3695 ὃ
1096 3634 1193 3705 cieris,
1206 3637 1283 3711 Σεφ.
1294 3632 1459 3694 axutam

339 3750 390 3813 xxi
424 3752 568 3827 τκρπυίκς
602 3752 630 3812 ἐν
662 3751 740 3821 dria.
776 3748 932 3811 Postrema
962 3746 1018 3808 riri
1042 3746 1124 3809 docti
1150 3746 1291 3807 certatim
1317 3744 1460 3808 ernenda-

337 3873 430 3926 runt:
465 3862 516 3926 xxi
548 3864 602 3933 τὰς
637 3864 780 3941 Ἀρπυὶκς
809 3865 838 3926 ἐν
866 3869 955 3937 Φινεῖ,
980 3860 1016 3922 ir.
1042 3859 1136 3942 Soph.
1164 3861 1226 3919 dih
1252 3859 1305 3933 N„
1333 3861 1393 3920 orl
1421 3858 1459 3920 D.

337 3975 459 4039 -Duhito
492 3984 596 4038 tamen
632 3998 705 4039 num
742 3976 809 4037 iure
839 3974 976 4037 iecerint.
1010 3971 1140 4035 Minime
1171 3973 1254 4039 enim
1287 3971 1461 4054 explicatur

338 4111 413 4152 usus
437 4089 604 4152 accusativi
629 4089 683 4160 ria·
707 4089 841 4167 ἁρπυίαις.
864 4090 935 4151 Alia
954 4090 1052 4171 igitur
1072 4090 1192 4154 medela
1214 4098 1261 4153 est
1276 4087 1459 4172 (praetendo.

382 4203 567 4285 Relegamns
590 4202 725 4265 fabulam
752 4202 867 4285 Hygini
893 4225 984 4285 quam
1009 4204 1167 4289 adscripsi.
1191 4205 1262 4268 Nisi
1287 4204 1390 4265 omnia
1413 4223 1461 4263 ma

337 4316 463 4392 fallunt,
499 4316 592 4378 huius
625 4316 813 4378 narrationis
842 4316 909 4377 fons
941 4316 1002 4378 luit
1032 4324 1252 4399 argumentum
1285 4313 1462 4397 tragoediae

339 4431 485 4506 Graecae,
519 4439 553 4491 ut
585 4436 714 4515 apparet
744 4452 779 4492 ex
810 4429 865 4492 illo
896 4431 977 4513 „qui
1000 4431 1078 4493 loris
1100 4454 1187 4494 carrea
1208 4454 1268 4494 esse
1289 4427 1462 4493 ‹litamurss'
