3592 5484
365 673 408 734 54
844 686 970 732 vssru.

340 855 424 919 nihil
456 855 498 918 sit
532 854 593 919 nisi
628 854 730 918 inanis
758 855 870 939 imago,
902 855 962 917 iam
994 853 1073 918 vidit
1104 853 1235 919 Florens
1264 853 1470 920 Christianus.

342 967 436 1049 Quod
460 968 604 1052 sequitur
626 969 657 1041 ἑή
682 969 743 1032 κτὲ.
767 975 941 1032 ceterorum
965 976 1012 1032 est
1036 989 1216 1053 puerorum.

386 1081 419 1146 Si
442 1082 626 1147 scholiastae
649 1081 741 1147 fidem
766 1080 925 1162 habemus,
948 1104 1037 1168 puer,
1062 1081 1117 1166 qui
1138 1081 1171 1145 in
1192 1081 1332 1145 dramate
1352 1080 1471 1146 Theseo

339 1195 539 1280 loquebatur,
563 1195 756 1283 Hippolytus
777 1205 854 1261 erat.
880 1201 925 1260 At
947 1196 1005 1259 hoc
1027 1217 1136 1260 verum
1160 1217 1226 1259 esse
1248 1195 1370 1279 nequit.
1395 1194 1469 1260 Nou

340 1312 408 1375 sine
431 1334 525 1376 causa
548 1310 690 1375 Ribbeck
712 1333 743 1396 p.
769 1314 831 1374 299
856 1309 959 1390 „Wie
979 1333 1045 1374 nun
1064 1307 1154 1375 dabei
1176 1310 1207 1374 in
1226 1310 1343 1373 diesem
1356 1309 1471 1374 Drama

340 1425 450 1505 „auch
482 1425 637 1512 Hippolyt
666 1425 723 1489 hat
752 1425 951 1491 vorhommen
983 1425 1109 1490 kbnucn
1140 1426 1183 1488 ist
1213 1424 1398 1490 wunderbar
1420 1449 1470 1510 ge·

341 1540 467 1625 „nug'',
499 1540 553 1604 sed
583 1541 677 1604 nimis
707 1538 888 1605 dubitanter
910 1541 1013 1605 addit:
1038 1539 1144 1618 „War
1167 1539 1208 1603 Η.
1231 1538 1376 1604 wirklich
1398 1539 1470 1603 dem

341 1655 499 1741 „Mythos
528 1654 665 1719 auu-ider
694 1656 763 1719 eine
786 1653 903 1720 Person
927 1655 981 1719 des
1004 1655 1129 1734 Stiicks,
1154 1654 1208 1718 so”
1221 1703 1229 1717 .
1243 1703 1251 1718 .
1266 1703 1296 1717 ..
1321 1662 1377 1718 cet
1398 1654 1470 1719 Mu-

339 1771 453 1835 taverit
481 1793 556 1834 saue
578 1769 703 1854 mythos
724 1767 892 1855 Euripides
915 1778 948 1833 et
970 1770 1008 1834 ad
1032 1790 1126 1833 suum
1148 1767 1343 1853 adaptaverit
1365 1789 1468 1847 usum,

340 1907 403 1950 non
425 1893 532 1949 tamen
557 1883 670 1947 adduci
695 1905 820 1969 possum
845 1891 883 1946 ut
906 1883 1028 1947 credam
1053 1883 1098 1947 ita
1120 1905 1213 1947 sanae
1233 1882 1347 1947 mentis
1366 1904 1470 1967 exper-

340 2008 404 2064 tam
436 1999 532 2062 fuisse
563 2006 688 2084 poetam
711 2004 749 2061 ut
772 1996 926 2061 Theseum
951 1997 1094 2081 fingeret,
1120 2018 1192 2061 cum
1216 1997 1321 2082 pueris
1344 1995 1471 2082 puellis·

340 2113 459 2196 quein
485 2111 610 2176 Cretam
635 2112 773 2190 missum,
794 2133 855 2175 non
875 2092 1105 2175 adolescentem
1122 2109 1176 2175 sed
1188 2119 1308 2195 patrem
1321 2130 1393 2173 cum
1404 2109 1470 2174 filio

340 2224 516 2312 Hippolyto
545 2226 604 2289 iter
635 2225 811 2302 facientem,
841 2246 954 2308 neque,
987 2246 1178 2308 quamquam
1206 2231 1468 2308 argumentume

341 2341 469 2405 silentio
511 2340 605 2404 nimis
645 2361 755 2424 urgere
798 2339 881 2420 nolo,
917 2336 1231 2425 praetermittendum
1267 2346 1314 2401 est
1346 2336 1469 2402 Plutar-

339 2453 446 2531 chum,
484 2454 539 2536 qui
575 2453 606 2517 in
637 2453 701 2516 sita
731 2451 842 2516 Thesei
872 2475 977 2516 omnes
1007 2451 1046 2516 de
1079 2452 1174 2516 huius
1205 2453 1237 2515 in
1270 2450 1394 2516 Cretam
1417 2451 1469 2515 ad·

339 2575 437 2631 ventu
468 2567 662 2631 narrationes
693 2576 854 2631 enumerat
880 2575 913 2630 et
936 2566 1128 2651 tragoediam
1152 2566 1354 2651 Euripideam
1377 2588 1469 2631 nove·

338 2690 398 2758 rat,
422 2705 448 2745 c.
474 2680 545 2760 xi,
571 2679 609 2745 de
632 2680 804 2766 Hippolyto
827 2681 938 2745 Thesei
962 2682 1075 2745 comite
1094 2681 1175 2745 nihil
1199 2703 1325 2766 prorsus
1343 2680 1466 2745 referre.

340 2794 453 2879 Itaque
489 2795 654 2881 Hippolyti
686 2818 799 2860 nomen
831 2795 1023 2861 scholiastae
1053 2816 1149 2880 quam
1182 2797 1249 2880 ipso
1272 2796 1390 2880 tragico
1415 2796 1468 2860 tri·

340 2906 436 2973 buere
463 2910 580 2973 malim.
613 2909 767 2974 Fraudem
798 2914 827 2975 ei
856 2910 928 2973 lecit
960 2909 1063 2990 stirap,
1093 2933 1173 2994 quae
1196 2909 1381 2974 exclamatio
1404 2910 1467 2975 luit

339 3024 428 3108 pueri
452 3046 522 3087 cum
548 3021 666 3088 Theseo
690 3023 899 3107 colloquentis
919 3031 951 3087 et
969 3022 1129 3088 absentem
1150 3033 1269 3109 patrem
1282 3024 1465 3088 invocantis.

338 3308 392 3374 Vs.
417 3303 621 3374 317-330.
646 3312 728 3392 <him
751 3311 881 3388 τήκομαι
904 3311 959 3388 μὲν

649 3424 746 3489 πάλαι
769 3425 819 3489 διὰ
840 3433 895 3498 τῆς
917 3427 991 3497 ἕης

651 3540 731 3616 ὑμῶν
754 3539 905 3603 ὑπακούων
929 3543 967 3621 (v.
992 3540 1096 3602 Herw.
1120 3537 1168 3601 ἔπ’
1190 3538 1322 3620 ἁκούων).
1347 3539 1407 3602 xri.

382 3699 531 3764 Partibus
566 3701 670 3786 lyricis
703 3704 736 3766 iu
772 3703 930 3767 comoedia
962 3711 1071 3767 utrum
1103 3701 1230 3787 parodia
1260 3701 1336 3766 insit
1366 3724 1465 3767 necne

335 3813 508 3878 diiudicare
537 3814 718 3900 perdifficile
747 3824 803 3879 est.
837 3814 898 3879 Ubi
928 3824 1036 3880 tacent
1066 3815 1186 3879 scholia
1216 3816 1321 3879 tutius
1349 3823 1397 3880 est
1420 3824 1464 3879 te-

335 3929 482 3991 merarias
505 3929 701 3993 coniecturas
723 3952 786 3993 non
810 3936 942 3994 tentare.
962 3929 1082 3994 Extant
1100 3937 1206 3993 umen
1225 3950 1463 4012 nonnumquam

333 4039 460 4120 indicia,
492 4042 572 4106 levia
601 4043 728 4107 fortasse
759 4066 816 4108 nec
846 4052 951 4108 tamen
982 4042 1186 4127 neglegenda.
1211 4042 1291 4106 Cum
1315 4066 1344 4106 v.
1367 4065 1393 4107 c.
1418 4043 1464 4107 iu·

334 4154 411 4240 cipit
441 4162 533 4240 poeta
564 4155 665 4221 verbis
695 4156 818 4242 pondus
841 4156 1031 4222 habentibus
1055 4164 1087 4221 et
1109 4154 1216 4220 subito
1239 4179 1258 4220 a
1281 4157 1331 4220 via
1354 4155 1462 4221 deflec-

332 4275 403 4332 tens
434 4269 494 4334 alia
526 4268 689 4356 subiungit
712 4294 791 4356 quae
815 4273 911 4337 risum
935 4294 1059 4336 movere
1085 4271 1217 4358 possint,
1239 4293 1303 4335 non
1326 4269 1420 4354 longe
1442 4294 1461 4333 a

331 4382 380 4443 via
411 4381 601 4463 aberramus,
630 4387 750 4472 opinor,
782 4387 971 4451 conicientes
1000 4385 1121 4471 aliquid
1154 4384 1280 4449 subeaee
1303 4385 1459 4470 perediae,

331 4500 364 4556 ct
386 4493 560 4580 fragmenta
584 4499 761 4584 tragoediae
784 4499 827 4565 ihi
852 4501 950 4565 latere
974 4523 1054 4585 quae
1073 4498 1218 4563 consulto
1237 4499 1375 4563 comicus
1394 4521 1461 4563 mn·
