<?xml version="1.0" encoding="UTF-8"?>
<!DOCTYPE html PUBLIC "-//W3C//DTD XHTML 1.0 Transitional//EN"
    "http://www.w3.org/TR/xhtml1/DTD/xhtml1-transitional.dtd">
<html xmlns="http://www.w3.org/1999/xhtml" xml:lang="en" lang="en">
 <head>
  <title>
</title>
<meta http-equiv="Content-Type" content="text/html;charset=utf-8" />
  <meta name='ocr-system' content='tesseract 3.04.00' />
  <meta name='ocr-capabilities' content='ocr_page ocr_carea ocr_par ocr_line ocrx_word'/>
</head>
<body>
  <div class='ocr_page' id='page_1' title='image "./deparodiaincomo01bakhgoog_0028.png"; bbox 0 0 3592 5484; ppageno 0'>
   <div class='ocr_carea' id='block_1_1' title="bbox 862 619 1519 684">
    <p class='ocr_par' dir='ltr' id='par_1_1' title="bbox 862 619 1519 684">
     <span class='ocr_line' id='line_1_1' title="bbox 862 619 1519 684; baseline -0.003 0"><span class='ocrx_word' id='word_1_1' title='bbox 862 635 1096 684; x_wconf 70' lang='lat' dir='ltr'><strong>connumera.</strong></span> <span class='ocrx_word' id='word_1_2' title='bbox 1477 619 1519 683; x_wconf 76' lang='lat'><strong>13</strong></span> 
     </span>
    </p>
   </div>
   <div class='ocr_carea' id='block_1_2' title="bbox 414 802 1544 1930">
    <p class='ocr_par' dir='ltr' id='par_1_2' title="bbox 414 802 1544 1561">
     <span class='ocr_line' id='line_1_2' title="bbox 416 802 1544 896; baseline 0.003 -28"><span class='ocrx_word' id='word_1_3' title='bbox 416 802 501 888; x_wconf 90' lang='lat' dir='ltr'><strong>quod</strong></span> <span class='ocrx_word' id='word_1_4' title='bbox 523 811 629 870; x_wconf 59' lang='lat' dir='ltr'><strong>umen</strong></span> <span class='ocrx_word' id='word_1_5' title='bbox 653 805 723 870; x_wconf 89' lang='lat' dir='ltr'><strong>inre</strong></span> <span class='ocrx_word' id='word_1_6' title='bbox 746 805 778 870; x_wconf 92' lang='lat' dir='ltr'><strong>in</strong></span> <span class='ocrx_word' id='word_1_7' title='bbox 802 804 932 871; x_wconf 89' lang='lat' dir='ltr'><strong>dubium</strong></span> <span class='ocrx_word' id='word_1_8' title='bbox 956 807 1057 872; x_wconf 81' lang='lat' dir='ltr'><strong>vocari</strong></span> <span class='ocrx_word' id='word_1_9' title='bbox 1077 813 1193 896; x_wconf 85' lang='lat' dir='ltr'><strong>potest,</strong></span> <span class='ocrx_word' id='word_1_10' title='bbox 1217 828 1346 872; x_wconf 81' lang='lat' dir='ltr'><strong>averae</strong></span> <span class='ocrx_word' id='word_1_11' title='bbox 1371 806 1448 872; x_wconf 86' lang='lat' dir='ltr'><strong>artis</strong></span> <span class='ocrx_word' id='word_1_12' title='bbox 1470 806 1544 892; x_wconf 80' lang='lat' dir='ltr'><strong>legi-</strong></span> 
     </span>
     <span class='ocr_line' id='line_1_3' title="bbox 416 916 1540 1005; baseline 0.001 -21"><span class='ocrx_word' id='word_1_13' title='bbox 416 917 476 984; x_wconf 91' lang='lat' dir='ltr'><strong>bus</strong></span> <span class='ocrx_word' id='word_1_14' title='bbox 498 916 667 1000; x_wconf 88' lang='lat' dir='ltr'><strong>aberravit;</strong></span> <span class='ocrx_word' id='word_1_15' title='bbox 690 919 755 999; x_wconf 91' lang='lat' dir='ltr'><strong>sed,</strong></span> <span class='ocrx_word' id='word_1_16' title='bbox 778 919 864 1005; x_wconf 90' lang='lat' dir='ltr'><strong>quod</strong></span> <span class='ocrx_word' id='word_1_17' title='bbox 885 920 1066 1002; x_wconf 91' lang='lat' dir='ltr'><strong>dolendum,</strong></span> <span class='ocrx_word' id='word_1_18' title='bbox 1090 921 1201 987; x_wconf 90' lang='lat' dir='ltr'><strong>horum</strong></span> <span class='ocrx_word' id='word_1_19' title='bbox 1221 922 1408 1002; x_wconf 86' lang='lat' dir='ltr'><strong>dramatum,</strong></span> <span class='ocrx_word' id='word_1_20' title='bbox 1430 920 1540 1003; x_wconf 82' lang='lat' dir='ltr'>Oenei,</span> 
     </span>
     <span class='ocr_line' id='line_1_4' title="bbox 416 1019 1543 1124; baseline 0.001 -25"><span class='ocrx_word' id='word_1_21' title='bbox 416 1032 591 1114; x_wconf 88' lang='lat' dir='ltr'><strong>Phoenicis,</strong></span> <span class='ocrx_word' id='word_1_22' title='bbox 622 1033 827 1116; x_wconf 74' lang='lat' dir='ltr'><strong>Philoctetae,</strong></span> <span class='ocrx_word' id='word_1_23' title='bbox 857 1035 1115 1124; x_wconf 76' lang='lat' dir='ltr'><strong>Bellerophontis,</strong></span> <span class='ocrx_word' id='word_1_24' title='bbox 1147 1019 1340 1118; x_wconf 62' lang='lat' dir='ltr'><strong>creomumj</strong></span> <span class='ocrx_word' id='word_1_25' title='bbox 1359 1035 1448 1115; x_wconf 84' lang='lat' dir='ltr'>Inus,</span> <span class='ocrx_word' id='word_1_26' title='bbox 1473 1037 1543 1102; x_wconf 92' lang='lat' dir='ltr'><strong>nul-</strong></span> 
     </span>
     <span class='ocr_line' id='line_1_5' title="bbox 416 1149 1542 1240; baseline 0.003 -26"><span class='ocrx_word' id='word_1_27' title='bbox 416 1149 482 1215; x_wconf 88' lang='lat' dir='ltr'><strong>lum</strong></span> <span class='ocrx_word' id='word_1_28' title='bbox 514 1157 672 1216; x_wconf 85' lang='lat' dir='ltr'><strong>servatum</strong></span> <span class='ocrx_word' id='word_1_29' title='bbox 703 1158 760 1231; x_wconf 86' lang='lat' dir='ltr'><strong>est,</strong></span> <span class='ocrx_word' id='word_1_30' title='bbox 793 1152 838 1216; x_wconf 89' lang='lat' dir='ltr'><strong>ita</strong></span> <span class='ocrx_word' id='word_1_31' title='bbox 868 1159 905 1216; x_wconf 89' lang='lat' dir='ltr'><strong>nt</strong></span> <span class='ocrx_word' id='word_1_32' title='bbox 934 1153 1066 1217; x_wconf 89' lang='lat' dir='ltr'><strong>ecertis</strong></span> <span class='ocrx_word' id='word_1_33' title='bbox 1088 1151 1283 1218; x_wconf 77' lang='lat' dir='ltr'><strong>documentis</strong></span> <span class='ocrx_word' id='word_1_34' title='bbox 1307 1151 1467 1218; x_wconf 84' lang='lat' dir='ltr'><strong>iudicandi</strong></span> <span class='ocrx_word' id='word_1_35' title='bbox 1490 1174 1542 1240; x_wconf 94' lang='lat' dir='ltr'><strong>op·</strong></span> 
     </span>
     <span class='ocr_line' id='line_1_6' title="bbox 414 1264 1538 1353; baseline 0.004 -25"><span class='ocrx_word' id='word_1_36' title='bbox 414 1265 642 1349; x_wconf 84' lang='lat' dir='ltr'><strong>portunitatem</strong></span> <span class='ocrx_word' id='word_1_37' title='bbox 675 1288 738 1332; x_wconf 90' lang='lat' dir='ltr'><strong>nou</strong></span> <span class='ocrx_word' id='word_1_38' title='bbox 768 1265 945 1331; x_wconf 75' lang='lat' dir='ltr'><strong>habeamus.</strong></span> <span class='ocrx_word' id='word_1_39' title='bbox 978 1264 1026 1331; x_wconf 93' lang='lat' dir='ltr'><strong>De</strong></span> <span class='ocrx_word' id='word_1_40' title='bbox 1057 1289 1121 1331; x_wconf 90' lang='lat' dir='ltr'><strong>uuo</strong></span> <span class='ocrx_word' id='word_1_41' title='bbox 1143 1265 1280 1353; x_wconf 83' lang='lat' dir='ltr'><strong>Telepho</strong></span> <span class='ocrx_word' id='word_1_42' title='bbox 1304 1265 1380 1332; x_wconf 84' lang='lat' dir='ltr'><strong>satis</strong></span> <span class='ocrx_word' id='word_1_43' title='bbox 1404 1273 1538 1345; x_wconf 87' lang='lat' dir='ltr'><strong>constat,</strong></span> 
     </span>
     <span class='ocr_line' id='line_1_7' title="bbox 415 1379 1543 1469; baseline 0 -25"><span class='ocrx_word' id='word_1_44' title='bbox 415 1379 471 1464; x_wconf 90' lang='lat' dir='ltr'><strong>qui</strong></span> <span class='ocrx_word' id='word_1_45' title='bbox 505 1381 537 1445; x_wconf 90' lang='lat' dir='ltr'><strong>in</strong></span> <span class='ocrx_word' id='word_1_46' title='bbox 568 1390 669 1448; x_wconf 87' lang='lat' dir='ltr'><strong>eastra</strong></span> <span class='ocrx_word' id='word_1_47' title='bbox 700 1381 890 1448; x_wconf 83' lang='lat' dir='ltr'><strong>Graecorum</strong></span> <span class='ocrx_word' id='word_1_48' title='bbox 920 1383 1016 1464; x_wconf 82' lang='lat' dir='ltr'><strong>venit,</strong></span> <span class='ocrx_word' id='word_1_49' title='bbox 1048 1433 1068 1462; x_wconf 89' lang='lat'><strong>„</strong></span> <span class='ocrx_word' id='word_1_50' title='bbox 1079 1381 1249 1463; x_wconf 88' lang='lat' dir='ltr'><strong>mendicus,</strong></span> <span class='ocrx_word' id='word_1_51' title='bbox 1283 1383 1426 1468; x_wconf 86' lang='lat' dir='ltr'><strong>squalida</strong></span> <span class='ocrx_word' id='word_1_52' title='bbox 1458 1405 1543 1469; x_wconf 78' lang='lat' dir='ltr'><strong>saep</strong></span> 
     </span>
     <span class='ocr_line' id='line_1_8' title="bbox 416 1495 605 1561; baseline 0.011 -2"><span class='ocrx_word' id='word_1_53' title='bbox 416 1503 469 1560; x_wconf 91' lang='lat' dir='ltr'><strong>tus</strong></span> <span class='ocrx_word' id='word_1_54' title='bbox 493 1495 605 1561; x_wconf 88' lang='lat' dir='ltr'><strong>stola”.</strong></span> 
     </span>
    </p>

    <p class='ocr_par' dir='ltr' id='par_1_3' title="bbox 414 1609 1543 1930">
     <span class='ocr_line' id='line_1_9' title="bbox 460 1609 1543 1698; baseline 0.003 -23"><span class='ocrx_word' id='word_1_55' title='bbox 460 1609 577 1676; x_wconf 87' lang='lat' dir='ltr'><strong>Nostra</strong></span> <span class='ocrx_word' id='word_1_56' title='bbox 607 1634 678 1677; x_wconf 88' lang='lat' dir='ltr'><strong>vero</strong></span> <span class='ocrx_word' id='word_1_57' title='bbox 709 1621 795 1678; x_wconf 85' lang='lat' dir='ltr'><strong>aetas</strong></span> <span class='ocrx_word' id='word_1_58' title='bbox 824 1612 899 1678; x_wconf 86' lang='lat' dir='ltr'><strong>talia</strong></span> <span class='ocrx_word' id='word_1_59' title='bbox 928 1613 1047 1698; x_wconf 88' lang='lat' dir='ltr'><strong>tragico</strong></span> <span class='ocrx_word' id='word_1_60' title='bbox 1071 1613 1198 1679; x_wconf 89' lang='lat' dir='ltr'><strong>minime</strong></span> <span class='ocrx_word' id='word_1_61' title='bbox 1223 1613 1299 1679; x_wconf 83' lang='lat' dir='ltr'><strong>vitio</strong></span> <span class='ocrx_word' id='word_1_62' title='bbox 1323 1614 1427 1693; x_wconf 88' lang='lat' dir='ltr'><strong>vertit,</strong></span> <span class='ocrx_word' id='word_1_63' title='bbox 1451 1612 1543 1678; x_wconf 83' lang='lat' dir='ltr'><strong>offen·</strong></span> 
     </span>
     <span class='ocr_line' id='line_1_10' title="bbox 416 1722 1541 1814; baseline 0.002 -26"><span class='ocrx_word' id='word_1_64' title='bbox 416 1722 532 1790; x_wconf 85' lang='lat' dir='ltr'><strong>dobunt</strong></span> <span class='ocrx_word' id='word_1_65' title='bbox 562 1747 634 1791; x_wconf 87' lang='lat' dir='ltr'><strong>vero</strong></span> <span class='ocrx_word' id='word_1_66' title='bbox 665 1726 782 1793; x_wconf 92' lang='lat' dir='ltr'><strong>multos</strong></span> <span class='ocrx_word' id='word_1_67' title='bbox 805 1750 842 1793; x_wconf 86' lang='lat' dir='ltr'><strong>ex</strong></span> <span class='ocrx_word' id='word_1_68' title='bbox 865 1725 1121 1808; x_wconf 73' lang='lat' dir='ltr'><strong>Atheniensibus,</strong></span> <span class='ocrx_word' id='word_1_69' title='bbox 1145 1727 1201 1814; x_wconf 90' lang='lat' dir='ltr'><strong>qui</strong></span> <span class='ocrx_word' id='word_1_70' title='bbox 1223 1728 1315 1794; x_wconf 83' lang='lat' dir='ltr'><strong>hoece</strong></span> <span class='ocrx_word' id='word_1_71' title='bbox 1339 1727 1452 1794; x_wconf 87' lang='lat' dir='ltr'><strong>veteris</strong></span> <span class='ocrx_word' id='word_1_72' title='bbox 1474 1727 1541 1793; x_wconf 84' lang='lat' dir='ltr'><strong>aevi</strong></span> 
     </span>
     <span class='ocr_line' id='line_1_11' title="bbox 414 1840 1541 1930; baseline 0.003 -26"><span class='ocrx_word' id='word_1_73' title='bbox 414 1861 503 1924; x_wconf 87' lang='lat' dir='ltr'><strong>reges</strong></span> <span class='ocrx_word' id='word_1_74' title='bbox 526 1849 686 1924; x_wconf 85' lang='lat' dir='ltr'><strong>tamquam</strong></span> <span class='ocrx_word' id='word_1_75' title='bbox 711 1840 820 1907; x_wconf 88' lang='lat' dir='ltr'><strong>heroes</strong></span> <span class='ocrx_word' id='word_1_76' title='bbox 842 1840 1070 1909; x_wconf 84' lang='lat' dir='ltr'><strong>venerabantur</strong></span> <span class='ocrx_word' id='word_1_77' title='bbox 1094 1842 1144 1908; x_wconf 85' lang='lat' dir='ltr'><strong>vel</strong></span> <span class='ocrx_word' id='word_1_78' title='bbox 1166 1840 1349 1909; x_wconf 74' lang='lat' dir='ltr'><strong>metuebant</strong></span> <span class='ocrx_word' id='word_1_79' title='bbox 1371 1842 1477 1930; x_wconf 88' lang='lat' dir='ltr'><strong>potius</strong></span> <span class='ocrx_word' id='word_1_80' title='bbox 1501 1865 1541 1908; x_wconf 89' lang='lat' dir='ltr'><strong>ue</strong></span> 
     </span>
    </p>
   </div>
   <div class='ocr_carea' id='block_1_3' title="bbox 302 1952 1534 2042">
    <p class='ocr_par' dir='ltr' id='par_1_4' title="bbox 302 1952 1534 2042">
     <span class='ocr_line' id='line_1_12' title="bbox 302 1952 1534 2042; baseline 0.006 -27"><span class='ocrx_word' id='word_1_81' title='bbox 302 1988 325 2014; x_wconf 92' lang='lat'><strong>.·</strong></span> <span class='ocrx_word' id='word_1_82' title='bbox 414 1952 491 2039; x_wconf 93' lang='lat' dir='ltr'><strong>quid</strong></span> <span class='ocrx_word' id='word_1_83' title='bbox 514 1953 662 2041; x_wconf 79' lang='lat' dir='ltr'><strong>dignitati</strong></span> <span class='ocrx_word' id='word_1_84' title='bbox 686 1956 822 2042; x_wconf 76' lang='lat' dir='ltr'><strong>tragicae</strong></span> <span class='ocrx_word' id='word_1_85' title='bbox 843 1956 1059 2024; x_wconf 84' lang='lat' dir='ltr'><strong>detraheretur</strong></span> <span class='ocrx_word' id='word_1_86' title='bbox 1081 1958 1107 2022; x_wconf 89' lang='lat' dir='ltr'><strong>si</strong></span> <span class='ocrx_word' id='word_1_87' title='bbox 1131 1957 1178 2023; x_wconf 93' lang='lat' dir='ltr'><strong>illi</strong></span> <span class='ocrx_word' id='word_1_88' title='bbox 1202 1957 1382 2024; x_wconf 83' lang='lat' dir='ltr'><strong>mortalium</strong></span> <span class='ocrx_word' id='word_1_89' title='bbox 1407 1957 1534 2023; x_wconf 91' lang='lat' dir='ltr'><strong>modum</strong></span> 
     </span>
    </p>
   </div>
   <div class='ocr_carea' id='block_1_4' title="bbox 412 2068 1539 2958">
    <p class='ocr_par' dir='ltr' id='par_1_5' title="bbox 412 2068 1539 2503">
     <span class='ocr_line' id='line_1_13' title="bbox 413 2068 1539 2158; baseline 0.002 -24"><span class='ocrx_word' id='word_1_90' title='bbox 413 2091 476 2135; x_wconf 91' lang='lat' dir='ltr'><strong>nou</strong></span> <span class='ocrx_word' id='word_1_91' title='bbox 495 2068 689 2138; x_wconf 82' lang='lat' dir='ltr'><strong>excederent.</strong></span> <span class='ocrx_word' id='word_1_92' title='bbox 714 2068 800 2150; x_wconf 81' lang='lat' dir='ltr'><strong>Quid</strong></span> <span class='ocrx_word' id='word_1_93' title='bbox 823 2093 894 2136; x_wconf 83' lang='lat' dir='ltr'><strong>vero</strong></span> <span class='ocrx_word' id='word_1_94' title='bbox 918 2094 980 2138; x_wconf 92' lang='lat' dir='ltr'><strong>non</strong></span> <span class='ocrx_word' id='word_1_95' title='bbox 1004 2073 1241 2158; x_wconf 83' lang='lat' dir='ltr'><strong>vituperassont,</strong></span> <span class='ocrx_word' id='word_1_96' title='bbox 1255 2070 1333 2158; x_wconf 91' lang='lat' dir='ltr'><strong>quid</strong></span> <span class='ocrx_word' id='word_1_97' title='bbox 1345 2095 1407 2139; x_wconf 92' lang='lat' dir='ltr'><strong>non</strong></span> <span class='ocrx_word' id='word_1_98' title='bbox 1421 2073 1539 2137; x_wconf 82' lang='lat' dir='ltr'><strong>Aristo</strong></span> 
     </span>
     <span class='ocr_line' id='line_1_14' title="bbox 412 2184 1538 2274; baseline 0 -25"><span class='ocrx_word' id='word_1_99' title='bbox 412 2184 532 2269; x_wconf 90' lang='lat' dir='ltr'><strong>phanes</strong></span> <span class='ocrx_word' id='word_1_100' title='bbox 550 2185 587 2265; x_wconf 86' lang='lat' dir='ltr'><strong>ei,</strong></span> <span class='ocrx_word' id='word_1_101' title='bbox 608 2192 646 2251; x_wconf 92' lang='lat' dir='ltr'><strong>ut</strong></span> <span class='ocrx_word' id='word_1_102' title='bbox 665 2207 764 2251; x_wconf 91' lang='lat' dir='ltr'><strong>unum</strong></span> <span class='ocrx_word' id='word_1_103' title='bbox 785 2186 908 2251; x_wconf 83' lang='lat' dir='ltr'><strong>alierum</strong></span> <span class='ocrx_word' id='word_1_104' title='bbox 925 2187 1111 2273; x_wconf 84' lang='lat' dir='ltr'><strong>exemplum,</strong></span> <span class='ocrx_word' id='word_1_105' title='bbox 1132 2185 1311 2274; x_wconf 83' lang='lat' dir='ltr'><strong>Shalsperii</strong></span> <span class='ocrx_word' id='word_1_106' title='bbox 1332 2209 1435 2272; x_wconf 86' lang='lat' dir='ltr'><strong>regem</strong></span> <span class='ocrx_word' id='word_1_107' title='bbox 1457 2184 1538 2251; x_wconf 86' lang='lat' dir='ltr'><strong>Leur</strong></span> 
     </span>
     <span class='ocr_line' id='line_1_15' title="bbox 414 2298 1538 2387; baseline 0.003 -25"><span class='ocrx_word' id='word_1_108' title='bbox 414 2299 446 2363; x_wconf 84' lang='lat' dir='ltr'><strong>iu</strong></span> <span class='ocrx_word' id='word_1_109' title='bbox 469 2321 562 2364; x_wconf 90' lang='lat' dir='ltr'><strong>scena</strong></span> <span class='ocrx_word' id='word_1_110' title='bbox 585 2298 789 2387; x_wconf 79' lang='lat' dir='ltr'><strong>adspexisset!</strong></span> <span class='ocrx_word' id='word_1_111' title='bbox 820 2301 959 2367; x_wconf 84' lang='lat' dir='ltr'><strong>Eandem</strong></span> <span class='ocrx_word' id='word_1_112' title='bbox 982 2323 1076 2386; x_wconf 90' lang='lat' dir='ltr'><strong>quam</strong></span> <span class='ocrx_word' id='word_1_113' title='bbox 1102 2304 1156 2366; x_wconf 84' lang='lat' dir='ltr'><strong>Ar.</strong></span> <span class='ocrx_word' id='word_1_114' title='bbox 1180 2324 1244 2367; x_wconf 93' lang='lat' dir='ltr'><strong>rem</strong></span> <span class='ocrx_word' id='word_1_115' title='bbox 1268 2301 1376 2386; x_wconf 85' lang='lat' dir='ltr'><strong>tetigit</strong></span> <span class='ocrx_word' id='word_1_116' title='bbox 1401 2302 1538 2366; x_wconf 87' lang='lat' dir='ltr'><strong>comicus</strong></span> 
     </span>
     <span class='ocr_line' id='line_1_16' title="bbox 414 2411 1255 2503; baseline 0.005 -27"><span class='ocrx_word' id='word_1_117' title='bbox 414 2411 569 2478; x_wconf 82' lang='lat' dir='ltr'><strong>Timocles</strong></span> <span class='ocrx_word' id='word_1_118' title='bbox 591 2415 623 2478; x_wconf 91' lang='lat' dir='ltr'><strong>in</strong></span> <span class='ocrx_word' id='word_1_119' title='bbox 650 2413 888 2500; x_wconf 84' lang='lat' dir='ltr'><strong>Dionysiauusis,</strong></span> <span class='ocrx_word' id='word_1_120' title='bbox 914 2414 1010 2481; x_wconf 88' lang='lat' dir='ltr'><strong>Mein.</strong></span> <span class='ocrx_word' id='word_1_121' title='bbox 1036 2414 1100 2480; x_wconf 86' lang='grc' dir='ltr'><strong>ΙΙΙ.</strong></span> <span class='ocrx_word' id='word_1_122' title='bbox 1125 2439 1156 2503; x_wconf 89' lang='lat' dir='ltr'><strong>p.</strong></span> <span class='ocrx_word' id='word_1_123' title='bbox 1184 2418 1255 2481; x_wconf 76' lang='lat'><strong>593.</strong></span> 
     </span>
    </p>

    <p class='ocr_par' dir='ltr' id='par_1_6' title="bbox 591 2529 1370 2611">
     <span class='ocr_line' id='line_1_17' title="bbox 591 2529 1370 2611; baseline -0.001 -16"><span class='ocrx_word' id='word_1_124' title='bbox 591 2529 658 2603; x_wconf 73' lang='grc' dir='ltr'><strong>τοὺς</strong></span> <span class='ocrx_word' id='word_1_125' title='bbox 681 2531 736 2608; x_wconf 84' lang='grc' dir='ltr'><strong>μὲν</strong></span> <span class='ocrx_word' id='word_1_126' title='bbox 759 2531 924 2611; x_wconf 64' lang='grc' dir='ltr'><strong><em>τραγῳδοὺς</em></strong></span> <span class='ocrx_word' id='word_1_127' title='bbox 947 2535 1066 2611; x_wconf 79' lang='grc' dir='ltr'><strong><em>πρῶτον,</em></strong></span> <span class='ocrx_word' id='word_1_128' title='bbox 1090 2530 1114 2595; x_wconf 80' lang='grc' dir='ltr'><strong>εἰ</strong></span> <span class='ocrx_word' id='word_1_129' title='bbox 1137 2530 1246 2611; x_wconf 68' lang='grc' dir='ltr'><strong>βούλει,</strong></span> <span class='ocrx_word' id='word_1_130' title='bbox 1270 2529 1370 2596; x_wconf 82' lang='grc' dir='ltr'><strong><em>σκόπει</em></strong></span> 
     </span>
    </p>

    <p class='ocr_par' dir='ltr' id='par_1_7' title="bbox 593 2645 1319 2726">
     <span class='ocr_line' id='line_1_18' title="bbox 593 2645 1319 2726; baseline 0 -18"><span class='ocrx_word' id='word_1_131' title='bbox 593 2645 631 2715; x_wconf 74' lang='grc' dir='ltr'><strong>ὡς</strong></span> <span class='ocrx_word' id='word_1_132' title='bbox 653 2645 800 2725; x_wconf 71' lang='grc' dir='ltr'><strong>ὠφελοῦσι</strong></span> <span class='ocrx_word' id='word_1_133' title='bbox 823 2645 951 2718; x_wconf 66' lang='grc' dir='ltr'><strong><em>πάντας·</em></strong></span> <span class='ocrx_word' id='word_1_134' title='bbox 973 2646 986 2710; x_wconf 94' lang='grc' dir='ltr'><strong><em>ό</em></strong></span> <span class='ocrx_word' id='word_1_135' title='bbox 1009 2645 1064 2723; x_wconf 83' lang='grc' dir='ltr'><strong>μὲν</strong></span> <span class='ocrx_word' id='word_1_136' title='bbox 1087 2646 1145 2726; x_wconf 65' lang='grc' dir='ltr'><strong>γὰρ</strong></span> <span class='ocrx_word' id='word_1_137' title='bbox 1169 2645 1206 2709; x_wconf 73' lang='grc' dir='ltr'><strong>ὢν</strong></span> <span class='ocrx_word' id='word_1_138' title='bbox 1230 2645 1319 2720; x_wconf 77' lang='grc' dir='ltr'><strong><em>πένης</em></strong></span> 
     </span>
    </p>

    <p class='ocr_par' dir='ltr' id='par_1_8' title="bbox 592 2759 1339 2841">
     <span class='ocr_line' id='line_1_19' title="bbox 592 2759 1339 2841; baseline 0 -17"><span class='ocrx_word' id='word_1_139' title='bbox 592 2760 776 2841; x_wconf 75' lang='grc' dir='ltr'><strong><em>πτωχότερον</em></strong></span> <span class='ocrx_word' id='word_1_140' title='bbox 798 2761 888 2827; x_wconf 64' lang='lat' dir='ltr'><strong>aeret</strong></span> <span class='ocrx_word' id='word_1_141' title='bbox 910 2759 1101 2839; x_wconf 70' lang='grc' dir='ltr'><strong><em>κατπμκθὼν</em></strong></span> <span class='ocrx_word' id='word_1_142' title='bbox 1122 2762 1171 2826; x_wconf 87' lang='grc' dir='ltr'><strong>τόν</strong></span> <span class='ocrx_word' id='word_1_143' title='bbox 1196 2761 1339 2841; x_wconf 72' lang='grc' dir='ltr'><strong><em>Τήλεφον</em></strong></span> 
     </span>
    </p>

    <p class='ocr_par' dir='ltr' id='par_1_9' title="bbox 591 2873 1295 2958">
     <span class='ocr_line' id='line_1_20' title="bbox 591 2873 1295 2958; baseline 0 -20"><span class='ocrx_word' id='word_1_144' title='bbox 591 2873 744 2953; x_wconf 74' lang='grc' dir='ltr'><strong><em>γενόμενον</em></strong></span> <span class='ocrx_word' id='word_1_145' title='bbox 766 2875 821 2948; x_wconf 75' lang='grc' dir='ltr'><strong>ἤδη</strong></span> <span class='ocrx_word' id='word_1_146' title='bbox 844 2877 897 2948; x_wconf 69' lang='grc' dir='ltr'><strong>τὴν</strong></span> <span class='ocrx_word' id='word_1_147' title='bbox 920 2875 1020 2941; x_wconf 66' lang='grc' dir='ltr'><strong><em>πενόκν</em></strong></span> <span class='ocrx_word' id='word_1_148' title='bbox 1043 2879 1108 2958; x_wconf 75' lang='grc' dir='ltr'><strong><em>ῥᾷόν</em></strong></span> <span class='ocrx_word' id='word_1_149' title='bbox 1131 2876 1210 2958; x_wconf 79' lang='grc' dir='ltr'><em>Φέρει</em></span> <span class='ocrx_word' id='word_1_150' title='bbox 1235 2876 1295 2940; x_wconf 85' lang='grc' dir='ltr'><strong>κτὲ.</strong></span> 
     </span>
    </p>
   </div>
   <div class='ocr_carea' id='block_1_5' title="bbox 414 3094 1543 3531">
    <p class='ocr_par' dir='ltr' id='par_1_10' title="bbox 420 3094 1207 3188">
     <span class='ocr_line' id='line_1_21' title="bbox 420 3094 1207 3188; baseline 0.001 -20"><span class='ocrx_word' id='word_1_151' title='bbox 420 3101 470 3169; x_wconf 85' lang='lat' dir='ltr'><strong>Vs.</strong></span> <span class='ocrx_word' id='word_1_152' title='bbox 494 3094 578 3165; x_wconf 82' lang='grc'><strong>430.</strong></span> <span class='ocrx_word' id='word_1_153' title='bbox 747 3099 799 3171; x_wconf 75' lang='lat' dir='ltr'><strong>olt&#39;</strong></span> <span class='ocrx_word' id='word_1_154' title='bbox 821 3105 912 3188; x_wconf 73' lang='grc' dir='ltr'><strong><em>ἄνδρα</em></strong></span> <span class='ocrx_word' id='word_1_155' title='bbox 935 3108 1035 3172; x_wconf 65' lang='lat' dir='ltr'><strong>Morte</strong></span> <span class='ocrx_word' id='word_1_156' title='bbox 1058 3106 1207 3188; x_wconf 77' lang='grc' dir='ltr'><strong><em>Τήλεφον.</em></strong></span> 
     </span>
    </p>

    <p class='ocr_par' dir='ltr' id='par_1_11' title="bbox 414 3217 1543 3531">
     <span class='ocr_line' id='line_1_22' title="bbox 458 3217 1537 3308; baseline 0.001 -25"><span class='ocrx_word' id='word_1_157' title='bbox 458 3217 510 3283; x_wconf 79' lang='lat' dir='ltr'><strong>Fr.</strong></span> <span class='ocrx_word' id='word_1_158' title='bbox 536 3221 610 3285; x_wconf 74' lang='lat'>703.</span> <span class='ocrx_word' id='word_1_159' title='bbox 641 3218 733 3285; x_wconf 85' lang='lat' dir='ltr'><strong>Teste</strong></span> <span class='ocrx_word' id='word_1_160' title='bbox 761 3220 984 3307; x_wconf 78' lang='lat' dir='ltr'><strong>Olympiodoro</strong></span> <span class='ocrx_word' id='word_1_161' title='bbox 1007 3247 1024 3286; x_wconf 89' lang='lat' dir='ltr'><strong>e</strong></span> <span class='ocrx_word' id='word_1_162' title='bbox 1047 3220 1183 3308; x_wconf 78' lang='lat' dir='ltr'><strong>Telepho</strong></span> <span class='ocrx_word' id='word_1_163' title='bbox 1206 3220 1376 3306; x_wconf 79' lang='lat' dir='ltr'><strong>Euripidis.</strong></span> <span class='ocrx_word' id='word_1_164' title='bbox 1401 3219 1537 3285; x_wconf 84' lang='lat' dir='ltr'><strong>Fallitur</strong></span> 
     </span>
     <span class='ocr_line' id='line_1_23' title="bbox 414 3332 1538 3420; baseline 0 -22"><span class='ocrx_word' id='word_1_165' title='bbox 414 3341 520 3399; x_wconf 85' lang='lat' dir='ltr'><strong>tamen</strong></span> <span class='ocrx_word' id='word_1_166' title='bbox 554 3332 796 3420; x_wconf 83' lang='lat' dir='ltr'><strong>Olympiodorus</strong></span> <span class='ocrx_word' id='word_1_167' title='bbox 830 3334 885 3400; x_wconf 92' lang='lat' dir='ltr'><strong>ubi</strong></span> <span class='ocrx_word' id='word_1_168' title='bbox 915 3335 953 3400; x_wconf 90' lang='lat' dir='ltr'><strong>de</strong></span> <span class='ocrx_word' id='word_1_169' title='bbox 984 3333 1085 3401; x_wconf 82' lang='lat' dir='ltr'><strong>verbis</strong></span> <span class='ocrx_word' id='word_1_170' title='bbox 1116 3335 1257 3400; x_wconf 74' lang='lat' dir='ltr'><strong>Platonis</strong></span> <span class='ocrx_word' id='word_1_171' title='bbox 1285 3334 1381 3420; x_wconf 83' lang='lat' dir='ltr'><strong>Gorg.</strong></span> <span class='ocrx_word' id='word_1_172' title='bbox 1414 3356 1445 3420; x_wconf 89' lang='lat' dir='ltr'><strong>p.</strong></span> <span class='ocrx_word' id='word_1_173' title='bbox 1477 3336 1538 3398; x_wconf 80' lang='lat'><strong>251</strong></span> 
     </span>
     <span class='ocr_line' id='line_1_24' title="bbox 414 3446 1543 3531; baseline 0.002 -20"><span class='ocrx_word' id='word_1_174' title='bbox 414 3447 438 3512; x_wconf 77' lang='lat' dir='ltr'><strong>si</strong></span> <span class='ocrx_word' id='word_1_175' title='bbox 470 3447 515 3512; x_wconf 84' lang='lat' dir='ltr'><strong>ool</strong></span> <span class='ocrx_word' id='word_1_176' title='bbox 547 3448 649 3514; x_wconf 84' lang='grc' dir='ltr'><strong><em>Μυτόν</em></strong></span> <span class='ocrx_word' id='word_1_177' title='bbox 680 3474 717 3527; x_wconf 71' lang='grc' dir='ltr'><strong>γε</strong></span> <span class='ocrx_word' id='word_1_178' title='bbox 746 3447 823 3523; x_wconf 70' lang='lat' dir='ltr'><strong>tidros</strong></span> <span class='ocrx_word' id='word_1_179' title='bbox 853 3458 955 3515; x_wconf 68' lang='lat' dir='ltr'><strong>uulsis</strong></span> <span class='ocrx_word' id='word_1_180' title='bbox 985 3448 1109 3515; x_wconf 87' lang='lat' dir='ltr'><strong>scribit:</strong></span> <span class='ocrx_word' id='word_1_181' title='bbox 1133 3450 1150 3524; x_wconf 79' lang='grc' dir='ltr'><em>ἡ</em></span> <span class='ocrx_word' id='word_1_182' title='bbox 1173 3450 1314 3531; x_wconf 69' lang='grc' dir='ltr'><strong><em>παροιμίαι</em></strong></span> <span class='ocrx_word' id='word_1_183' title='bbox 1337 3446 1412 3523; x_wconf 67' lang='grc' dir='ltr'><strong>αὕτη</strong></span> <span class='ocrx_word' id='word_1_184' title='bbox 1437 3451 1470 3515; x_wconf 82' lang='grc' dir='ltr'><strong>ἐκ</strong></span> <span class='ocrx_word' id='word_1_185' title='bbox 1491 3453 1543 3514; x_wconf 80' lang='grc' dir='ltr'><strong>τοῦ</strong></span> 
     </span>
    </p>
   </div>
   <div class='ocr_carea' id='block_1_6' title="bbox 415 3563 853 3644">
    <p class='ocr_par' dir='ltr' id='par_1_12' title="bbox 415 3563 853 3644">
     <span class='ocr_line' id='line_1_25' title="bbox 415 3563 853 3644; baseline 0.002 -17"><span class='ocrx_word' id='word_1_186' title='bbox 415 3563 559 3644; x_wconf 68' lang='grc' dir='ltr'><strong>Τηλέφου</strong></span> <span class='ocrx_word' id='word_1_187' title='bbox 581 3563 662 3628; x_wconf 74' lang='grc' dir='ltr'><strong><em>ἐστὶν</em></strong></span> <span class='ocrx_word' id='word_1_188' title='bbox 686 3564 853 3644; x_wconf 75' lang='grc' dir='ltr'><strong><em>Εὐριπίδου.</em></strong></span> 
     </span>
    </p>
   </div>
   <div class='ocr_carea' id='block_1_7' title="bbox 412 3783 1540 4559">
    <p class='ocr_par' dir='ltr' id='par_1_13' title="bbox 415 3783 1308 3872">
     <span class='ocr_line' id='line_1_26' title="bbox 415 3783 1308 3872; baseline 0.001 -18"><span class='ocrx_word' id='word_1_189' title='bbox 415 3788 469 3856; x_wconf 80' lang='lat' dir='ltr'><strong>Vs.</strong></span> <span class='ocrx_word' id='word_1_190' title='bbox 493 3783 577 3854; x_wconf 84' lang='grc'><strong>435.</strong></span> <span class='ocrx_word' id='word_1_191' title='bbox 664 3787 685 3856; x_wconf 76' lang='grc' dir='ltr'><strong><em>ὦ</em></strong></span> <span class='ocrx_word' id='word_1_192' title='bbox 709 3797 766 3858; x_wconf 82' lang='grc' dir='ltr'><strong>Ζεῦ</strong></span> <span class='ocrx_word' id='word_1_193' title='bbox 789 3793 895 3858; x_wconf 63' lang='grc' dir='ltr'><strong><em>διόπτα</em></strong></span> <span class='ocrx_word' id='word_1_194' title='bbox 916 3792 968 3858; x_wconf 75' lang='lat' dir='ltr'><strong>uxi</strong></span> <span class='ocrx_word' id='word_1_195' title='bbox 992 3794 1130 3858; x_wconf 72' lang='grc' dir='ltr'><strong><em>κκτόπτνι</em></strong></span> <span class='ocrx_word' id='word_1_196' title='bbox 1153 3799 1308 3872; x_wconf 72' lang='grc' dir='ltr'><strong><em>πανταχῆ.</em></strong></span> 
     </span>
    </p>

    <p class='ocr_par' dir='ltr' id='par_1_14' title="bbox 412 3903 1540 4559">
     <span class='ocr_line' id='line_1_27' title="bbox 460 3903 1540 3993; baseline 0.003 -27"><span class='ocrx_word' id='word_1_197' title='bbox 460 3903 563 3970; x_wconf 75' lang='lat' dir='ltr'><strong>Verba</strong></span> <span class='ocrx_word' id='word_1_198' title='bbox 585 3907 713 3990; x_wconf 83' lang='lat' dir='ltr'><strong>tragica.</strong></span> <span class='ocrx_word' id='word_1_199' title='bbox 738 3906 811 3993; x_wconf 87' lang='lat' dir='ltr'><strong>Ipsa</strong></span> <span class='ocrx_word' id='word_1_200' title='bbox 834 3906 966 3972; x_wconf 86' lang='lat' dir='ltr'><strong>alicuius</strong></span> <span class='ocrx_word' id='word_1_201' title='bbox 988 3907 1098 3992; x_wconf 87' lang='lat' dir='ltr'><strong>tragici</strong></span> <span class='ocrx_word' id='word_1_202' title='bbox 1123 3903 1215 3972; x_wconf 85' lang='lat' dir='ltr'><strong>verba</strong></span> <span class='ocrx_word' id='word_1_203' title='bbox 1236 3928 1301 3971; x_wconf 84' lang='lat' dir='ltr'><strong>esse</strong></span> <span class='ocrx_word' id='word_1_204' title='bbox 1325 3907 1439 3971; x_wconf 88' lang='lat' dir='ltr'><strong>statuit</strong></span> <span class='ocrx_word' id='word_1_205' title='bbox 1461 3904 1540 3969; x_wconf 83' lang='lat' dir='ltr'><strong>Mei-</strong></span> 
     </span>
     <span class='ocr_line' id='line_1_28' title="bbox 413 4018 1534 4107; baseline -0.002 -22"><span class='ocrx_word' id='word_1_206' title='bbox 413 4019 502 4099; x_wconf 81' lang='lat' dir='ltr'><strong>nelre‚</strong></span> <span class='ocrx_word' id='word_1_207' title='bbox 527 4018 620 4084; x_wconf 88' lang='lat' dir='ltr'><strong>Vind.</strong></span> <span class='ocrx_word' id='word_1_208' title='bbox 648 4023 703 4084; x_wconf 85' lang='lat' dir='ltr'><strong>Ar.</strong></span> <span class='ocrx_word' id='word_1_209' title='bbox 728 4043 759 4107; x_wconf 87' lang='lat' dir='ltr'><strong>p.</strong></span> <span class='ocrx_word' id='word_1_210' title='bbox 783 4027 812 4099; x_wconf 78' lang='lat'><strong>8,</strong></span> <span class='ocrx_word' id='word_1_211' title='bbox 835 4021 873 4085; x_wconf 83' lang='lat' dir='ltr'><strong>ad</strong></span> <span class='ocrx_word' id='word_1_212' title='bbox 893 4023 1108 4088; x_wconf 85' lang='lat' dir='ltr'><strong>testimonium</strong></span> <span class='ocrx_word' id='word_1_213' title='bbox 1127 4044 1240 4087; x_wconf 82' lang='lat' dir='ltr'><strong>vocans</strong></span> <span class='ocrx_word' id='word_1_214' title='bbox 1258 4022 1439 4107; x_wconf 87' lang='lat' dir='ltr'><strong>scriptorem</strong></span> <span class='ocrx_word' id='word_1_215' title='bbox 1452 4020 1534 4084; x_wconf 83' lang='lat' dir='ltr'><strong>vitae</strong></span> 
     </span>
     <span class='ocr_line' id='line_1_29' title="bbox 414 4133 1537 4221; baseline -0.002 -21"><span class='ocrx_word' id='word_1_216' title='bbox 414 4134 515 4215; x_wconf 81' lang='lat' dir='ltr'><strong>Arati,</strong></span> <span class='ocrx_word' id='word_1_217' title='bbox 540 4135 595 4221; x_wconf 91' lang='lat' dir='ltr'><strong>qui</strong></span> <span class='ocrx_word' id='word_1_218' title='bbox 618 4134 651 4199; x_wconf 91' lang='lat' dir='ltr'><strong>in</strong></span> <span class='ocrx_word' id='word_1_219' title='bbox 673 4134 735 4199; x_wconf 89' lang='lat' dir='ltr'><strong>linc</strong></span> <span class='ocrx_word' id='word_1_220' title='bbox 759 4135 834 4201; x_wconf 89' lang='lat' dir='ltr'><strong>haec</strong></span> <span class='ocrx_word' id='word_1_221' title='bbox 857 4145 1024 4202; x_wconf 88' lang='lat' dir='ltr'><strong>memorat:</strong></span> <span class='ocrx_word' id='word_1_222' title='bbox 1049 4135 1091 4202; x_wconf 78' lang='grc' dir='ltr'><strong>ότι</strong></span> <span class='ocrx_word' id='word_1_223' title='bbox 1114 4136 1166 4201; x_wconf 75' lang='grc' dir='ltr'><strong>ναὶ</strong></span> <span class='ocrx_word' id='word_1_224' title='bbox 1190 4136 1214 4201; x_wconf 83' lang='lat' dir='ltr'><strong>or‘</strong></span> <span class='ocrx_word' id='word_1_225' title='bbox 1232 4135 1351 4208; x_wconf 71' lang='grc' dir='ltr'><strong>ποιηταὶ</strong></span> <span class='ocrx_word' id='word_1_226' title='bbox 1370 4133 1537 4210; x_wconf 67' lang='grc' dir='ltr'><strong><em>πανόπτην,</em></strong></span> 
     </span>
     <span class='ocr_line' id='line_1_30' title="bbox 412 4244 1536 4330; baseline 0.002 -14"><span class='ocrx_word' id='word_1_227' title='bbox 412 4255 536 4316; x_wconf 67' lang='lat' dir='ltr'><strong>urcem</strong></span> <span class='ocrx_word' id='word_1_228' title='bbox 558 4254 732 4330; x_wconf 63' lang='grc' dir='ltr'><strong><em>πανταχοῦ·</em></strong></span> <span class='ocrx_word' id='word_1_229' title='bbox 756 4244 777 4313; x_wconf 79' lang='grc' dir='ltr'><strong><em>ὦ</em></strong></span> <span class='ocrx_word' id='word_1_230' title='bbox 801 4255 857 4316; x_wconf 82' lang='grc' dir='ltr'><strong>Ζεῦ</strong></span> <span class='ocrx_word' id='word_1_231' title='bbox 880 4251 1050 4316; x_wconf 71' lang='grc' dir='ltr'><strong><em>παντόπτνν·</em></strong></span> <span class='ocrx_word' id='word_1_232' title='bbox 1073 4249 1125 4315; x_wconf 78' lang='lat' dir='ltr'><strong>xxi</strong></span> <span class='ocrx_word' id='word_1_233' title='bbox 1145 4251 1237 4323; x_wconf 73' lang='grc' dir='ltr'><strong><em>ἠέλιος</em></strong></span> <span class='ocrx_word' id='word_1_234' title='bbox 1256 4247 1287 4321; x_wconf 78' lang='grc' dir='ltr'><strong>ὃς</strong></span> <span class='ocrx_word' id='word_1_235' title='bbox 1307 4248 1397 4314; x_wconf 72' lang='grc' dir='ltr'><strong><em>πάντ’</em></strong></span> <span class='ocrx_word' id='word_1_236' title='bbox 1418 4250 1536 4330; x_wconf 67' lang='grc' dir='ltr'><strong>ἐφορᾷς.</strong></span> 
     </span>
     <span class='ocr_line' id='line_1_31' title="bbox 413 4363 1532 4448; baseline -0.003 -19"><span class='ocrx_word' id='word_1_237' title='bbox 413 4386 494 4448; x_wconf 86' lang='lat' dir='ltr'><strong>quac</strong></span> <span class='ocrx_word' id='word_1_238' title='bbox 515 4363 662 4430; x_wconf 88' lang='lat' dir='ltr'><strong>Meineke</strong></span> <span class='ocrx_word' id='word_1_239' title='bbox 681 4365 725 4429; x_wconf 85' lang='lat' dir='ltr'><strong>sic</strong></span> <span class='ocrx_word' id='word_1_240' title='bbox 743 4365 899 4430; x_wconf 86' lang='lat' dir='ltr'><strong>restituit:</strong></span> <span class='ocrx_word' id='word_1_241' title='bbox 920 4363 962 4429; x_wconf 80' lang='grc' dir='ltr'><strong>ότι</strong></span> <span class='ocrx_word' id='word_1_242' title='bbox 980 4364 1033 4429; x_wconf 74' lang='lat' dir='ltr'><strong>cxl</strong></span> <span class='ocrx_word' id='word_1_243' title='bbox 1052 4364 1076 4429; x_wconf 85' lang='lat' dir='ltr'><strong>ol</strong></span> <span class='ocrx_word' id='word_1_244' title='bbox 1095 4363 1213 4438; x_wconf 68' lang='lat' dir='ltr'><strong>roenna}</strong></span> <span class='ocrx_word' id='word_1_245' title='bbox 1232 4365 1532 4437; x_wconf 57' lang='lat' dir='ltr'><strong>westmunstier.</strong></span> 
     </span>
     <span class='ocr_line' id='line_1_32' title="bbox 415 4474 1113 4559; baseline 0 -17"><span class='ocrx_word' id='word_1_246' title='bbox 415 4474 436 4542; x_wconf 79' lang='lat' dir='ltr'><strong>ol</strong></span> <span class='ocrx_word' id='word_1_247' title='bbox 460 4483 517 4544; x_wconf 80' lang='grc' dir='ltr'><strong>Ζεῦ</strong></span> <span class='ocrx_word' id='word_1_248' title='bbox 540 4477 684 4543; x_wconf 70' lang='grc' dir='ltr'><strong><em>πόνόπτνν</em></strong></span> <span class='ocrx_word' id='word_1_249' title='bbox 706 4478 760 4544; x_wconf 75' lang='lat' dir='ltr'><strong>xxi</strong></span> <span class='ocrx_word' id='word_1_250' title='bbox 781 4479 921 4544; x_wconf 70' lang='lat' dir='ltr'><strong>urim</strong></span> <span class='ocrx_word' id='word_1_251' title='bbox 945 4482 1113 4559; x_wconf 60' lang='grc' dir='ltr'><strong><em>πανταχοῦ.</em></strong></span> 
     </span>
    </p>
   </div>
   <div class='ocr_carea' id='block_1_8' title="bbox 0 0 1800 5484">
    <p class='ocr_par' dir='ltr' id='par_1_15' title="bbox 0 0 1800 5484">
     <span class='ocr_line' id='line_1_33' title="bbox 0 0 1800 5484; baseline 0 2"><span class='ocrx_word' id='word_1_252' title='bbox 0 0 1800 5484; x_wconf 95' lang='lat' dir='ltr'><strong> </strong></span> 
     </span>
    </p>
   </div>
  </div>
 </body>
</html>
