3592 5484
369 639 431 700 168
848 656 967 702 uanas.

345 846 381 888 ex
406 823 464 887 bae
487 824 553 909 ipsa
576 823 736 908 tragoedia
757 824 872 910 petitos
891 847 968 904 esse,
989 825 1134 910 inprimis
1154 847 1225 889 cnm
1246 823 1470 893 adeametiam

343 960 402 1001 vss.
438 940 521 1001 1320
553 960 609 1021 sq„
646 940 730 1001 1322
756 941 896 1003 111327
923 940 1114 1024 pertineant.
1138 937 1255 1004 Vocem
1278 942 1473 1019 στωμύλλετε

346 1048 564 1136 Aristophanis
586 1075 652 1116 esse
675 1075 801 1116 monere
824 1053 877 1116 vir
899 1074 979 1137 opus
999 1061 1048 1116 est
1056 1081 1065 1130 3
1085 1052 1228 1117 consulto
1248 1076 1315 1117 eom
1336 1056 1472 1140 tragicae

343 1166 411 1228 roei
433 1164 598 1231 substituit
620 1176 658 1231 ut
681 1166 818 1232 indolem
844 1189 973 1253 poeseos
997 1167 1160 1254 Euripidis
1183 1176 1314 1234 notaret

344 1390 400 1455 Vs.
426 1383 517 1453 1313
542 1413 608 1475 sqq.
632 1388 710 1455 att
734 1392 889 1472 ὑπωρόφιοι
913 1394 996 1455 κριτοὶ
1015 1392 1125 1469 γωνίας

633 1505 657 1569 εί
679 1529 703 1569 ει
726 1530 750 1569 εί
773 1530 796 1569 ει
819 1529 843 1570 εί
866 1505 1011 1570 ειλίσσετε
1033 1505 1191 1578 δακτύλοις
1213 1506 1380 1587 Φοίλυγγες

634 1619 768 1684 ίστίτονοο
791 1621 970 1697 τκυίσμκτοι

632 1734 764 1815 κερκίδος
786 1734 884 1799 ἀοιδοῦ
909 1734 1043 1812 μελέτας

389 1848 560 1913 Cuiusnam
583 1848 761 1934 tragoediae
784 1872 892 1914 versus
916 1850 981 1913 sint
1001 1850 1120 1935 priores
1136 1872 1199 1915 non
1219 1851 1330 1935 liquet.
1343 1851 1472 1917 Habent

343 1962 383 2026 ad
416 1964 499 2026 1315
526 1962 629 2027 Sehol.
654 1962 749 2027 Rau:
774 1964 953 2040 τκνίσμκτοι
976 1963 1018 2044 δὲ,
1040 1963 1224 2043 ὑφάσματα.
1247 1961 1282 2039 ἕξ
1299 1965 1469 2047 ,Ἠλέκτροος

343 2078 529 2158 Εὑρίπίδσυ.;
554 2077 658 2142 Schol.
683 2076 763 2142 Ven.
787 2085 819 2141 et
842 2076 994 2141 Mediol:
1020 2079 1053 2142 ἐκ
1071 2077 1247 2159 Μελεοὶγρου
1265 2080 1334 2160 Erip.
1344 2107 1354 2158 ρ
1367 2079 1468 2145 Schol.

345 2191 430 2256 Flor.
462 2203 506 2256 Θε
538 2193 722 2270 έκτετοιμένοο
752 2192 929 2272 ὑφάσματι
953 2192 1042 2276 (legit
1064 2191 1217 2279 ίστίτυυκ)
1242 2193 1275 2257 έκ
1298 2194 1472 2276 Μελεοίγρου

344 2305 396 2370 κοιὶ
421 2303 454 2380 ἐξ
473 2306 636 2386 Ἠλέκτραις
655 2308 742 2386 Εὐρ.;
764 2304 866 2370 Schol.
885 2305 924 2369 al.
939 2307 1008 2371 eod.
1022 2307 1055 2369 τὸ
1067 2305 1099 2370 δὲ
1111 2306 1241 2383 κερκίδος
1253 2307 1286 2371 ἐκ
1298 2307 1472 2389 Μελεοίγρου

345 2421 414 2499 Erip.
445 2421 478 2484 τὸ
509 2420 539 2484 δὲ
570 2417 604 2482 ἵν’
626 2421 640 2483 ὁ
663 2420 811 2498 Φίλοιυλος
834 2416 868 2491 ἐξ
890 2418 1064 2500 Ἠλέκτρκς.
1091 2418 1142 2482 Ad
1163 2442 1208 2482 vs.
1236 2421 1320 2483 1313
1344 2420 1469 2486 nullum

343 2533 461 2618 legitur
484 2534 646 2597 scholium.
671 2532 765 2614 Quod
788 2531 884 2597 habet
906 2532 944 2596 11.
969 2530 1009 2595 ad
1036 2534 1133 2611 1315,
1159 2530 1192 2606 ἐξ
1215 2534 1388 2613 Ἠλέκτραις,
1407 2557 1472 2599 ver·

342 2649 392 2713 sni
427 2651 508 2713 1317
541 2648 669 2712 reddere
701 2648 733 2712 in
765 2655 893 2733 promtu
924 2655 981 2726 est,
1010 2654 1044 2710 at
1074 2647 1202 2711 fortasse
1232 2646 1271 2710 ad
1297 2649 1382 2712 1314
1405 2671 1472 2734 per-

340 2762 422 2826 tinet
454 2771 485 2826 et
519 2770 640 2847 spectat
673 2760 803 2824 verbum
839 2761 990 2825 εἱλίσσετε.
1022 2760 1207 2844 Euripidem
1237 2761 1320 2824 enim
1350 2784 1471 2831 anova

341 2876 397 2941 illa
431 2877 565 2940 musices
598 2876 719 2940 ratione
753 2898 817 2960 qua
849 2875 927 2938 rarii
962 2874 1031 2938 soni
1063 2875 1120 2938 uni
1151 2873 1285 2959 syllabae
1309 2877 1472 2961 responde·

341 2998 422 3067 rent,
452 3011 515 3053 non
545 3012 671 3075 prorsus
703 2988 911 3064 abhorruisse,
937 2988 1014 3051 mihi
1039 2986 1199 3073 probabile
1223 2989 1359 3053 videtur.
1384 2991 1469 3055 Aria

340 3103 485 3188 topbanis
520 3104 602 3167 eninr
635 3103 813 3189 petulantia
851 3102 884 3165 in
916 3101 1082 3165 iteratione
1106 3100 1295 3186 syllabarum
1320 3104 1469 3187 perstrin-

340 3216 440 3301 genda
457 3240 518 3281 non
540 3216 640 3281 dicam
660 3218 779 3282 iniusta
797 3216 969 3281 11111111-
990 3216 1047 3279 hoc
1059 3238 1123 3280 non
1136 3215 1266 3280 curabat
1278 3217 1414 3281 comicus
1424 3255 1471 3266 —

340 3331 393 3395 sed
423 3333 508 3395 omni
531 3331 596 3396 sale
620 3331 783 3410 destituta,
809 3331 835 3393 si
860 3329 946 3414 quod
969 3329 1117 3415 Euripidi
1141 3330 1218 3394 vitio
1242 3339 1377 3396 verteret
1400 3332 1471 3397 nul-

340 3445 403 3509 lam
438 3469 477 3511 ne
511 3446 695 3511 levissimam
726 3447 855 3530 quidem
886 3447 951 3509 reri
984 3446 1120 3530 speeiem
1154 3443 1323 3510 habuisset.
1347 3445 1470 3512 Deinde

340 3558 416 3622 Eur.
440 3559 556 3623 Electr.
585 3562 646 3625 437
671 3559 705 3623 id
728 3561 831 3645 ipsum
856 3559 1077 3636 είειλοσσὸμευος
1105 3558 1232 3644 legitur.

539 3674 604 3736 435
628 3671 662 3735 ἵν’
685 3673 699 3736 ὁ
722 3673 871 3752 Φίλοιυλος
896 3671 1012 3736 ἔτοιλλε
1034 3673 1103 3736 δελ-

627 3784 684 3866 Ol?
708 3784 831 3866 πρῴρκις
855 3785 1072 3863 κυκνεμβίλοες

628 3900 856 3977 εἱεολισσόμενος.

337 4011 581 4088 κυκυεμίῧλσεσίν
604 4013 799 4091 εἱλισσόμενος
816 4012 987 4079 Victorius.
1009 4012 1049 4078 In
1068 4014 1264 4099 antistrophe
1284 4017 1463 4082 1111111437

337 4124 504 4212 respondet
532 4150 575 4190 rs.
608 4129 671 4190 447
704 4128 879 4208 Νυμφκίκς
910 4128 1047 4206 σκοτιοίς,
1070 4127 1165 4212 qnod,
1190 4136 1361 4214 praeeunte
1383 4129 1470 4195 Seid·

336 4239 412 4317 lero,
444 4239 580 4305 Dindorf
600 4240 633 4306 in
658 4246 799 4322 Νυμφᾶν
822 4241 949 4314 σκοττές
973 4243 1111 4306 mutarit
1135 4250 1172 4306 ut
1196 4251 1318 4307 mutato
1342 4244 1468 4309 είλοτσί·

336 4377 421 4430 μενος
453 4378 495 4418 rs.
527 4356 590 4418 137
616 4355 827 4441 responderet.
854 4354 934 4420 Com
959 4363 1065 4421 autem
1091 4356 1177 4420 hunc
1198 4355 1341 4421 Electrae
1364 4356 1467 4422 locum

332 4466 365 4530 in
387 4465 447 4531 hoe
467 4469 534 4554 ipso
558 4469 702 4550 earmina,
727 4469 851 4535 duobus
870 4467 1011 4535 versibus
1031 4477 1112 4556 post,
1135 4469 1265 4550 τκρρδεῑ
1282 4470 1463 4557 Aristopha-
