3592 5484
834 693 952 739 arnse.
1367 677 1429 740 153

331 861 449 927 animos
481 862 634 926 emendet.
666 862 726 927 Sed
755 885 818 927 uon
850 862 910 927 hoe
942 861 1069 927 consilio
1100 868 1197 926 artem
1221 862 1341 928 excolat
1362 872 1454 949 poeta

330 975 476 1060 tragicus,
505 997 607 1059 neque
638 975 699 1038 alia
723 999 755 1040 se
778 976 932 1061 obstringi
956 976 1096 1062 patiatur
1118 976 1187 1061 lege
1211 998 1305 1061 quam
1328 986 1365 1041 ut
1388 1001 1455 1064 reg·

331 1111 407 1153 num
431 1097 519 1175 petat
543 1089 605 1152 veri
629 1097 725 1173 atque
749 1090 884 1175 pulchri.
907 1091 975 1155 Hoc
991 1111 1048 1154 nos
1067 1090 1179 1155 docent
1198 1098 1309 1176 poetae
1331 1092 1455 1176 Anglus

330 1209 364 1268 et
394 1202 578 1281 Germanus,
610 1202 667 1287 qui
695 1204 837 1268 dramata
866 1205 994 1268 Hamlet
1018 1211 1050 1269 et
1073 1203 1173 1268 Maria
1197 1205 1307 1269 Stuart
1328 1206 1455 1292 scripse·

330 1323 416 1397 runt,
451 1339 513 1381 nou
542 1317 575 1382 id
605 1325 734 1402 agentes
764 1325 802 1382 ut
831 1318 973 1382 homines
1005 1319 1215 1383 emendarent.
1239 1318 1308 1384 Hoc
1330 1341 1456 1404 quoque

331 1430 422 1495 docet
450 1430 515 1516 ipse
546 1409 730 1517 Aeschylus.
762 1431 899 1498 Difficile
928 1432 1054 1517 quidem
1086 1441 1131 1496 est
1154 1434 1193 1497 de
1217 1433 1322 1497 indole
1346 1441 1456 1519 poetae

332 1544 468 1609 iudicare
499 1544 554 1609 ubi
584 1546 734 1631 pleraque
766 1548 833 1612 eius
856 1554 1000 1633 poemata
1022 1547 1137 1611 iniuria
1161 1558 1332 1634 temporum
1358 1551 1455 1636 perie-

331 1659 406 1739 rint,
438 1660 491 1723 sed
522 1659 548 1724 si
572 1682 588 1723 e
611 1660 837 1746 superstitibus
860 1661 1016 1726 iudicium
1040 1661 1139 1725 lacere
1160 1661 1245 1743 lieet,
1270 1663 1454 1749 Aeschylus,

331 1772 485 1857 quidquid
509 1774 592 1838 dicat
615 1775 841 1860 Aristophanes
864 1798 908 1840 vs.
937 1778 1021 1839 1003
1045 1798 1122 1860 sqq,
1146 1798 1207 1841 nou
1231 1777 1322 1841 aliam
1342 1777 1455 1843 hebuit

331 1911 471 1953 normam
493 1890 532 1953 ad
556 1912 649 1973 quam
673 1891 850 1955 dramatum
871 1891 1104 1956 scribendorum
1125 1893 1276 1957 tutionem
1295 1893 1454 1978 dirigeret.

333 2001 416 2068 Nam
447 2004 472 2068 si
503 2026 580 2069 unas
604 2003 714 2069 Persas
733 2006 915 2091 excipimus,
939 2006 1024 2090 quod
1044 2028 1152 2091 poema
1174 2008 1379 2071 dramaticum
1404 2030 1456 2094 po-

331 2118 396 2182 tius
420 2139 514 2202 quam
537 2119 645 2183 drama
661 2124 710 2183 est
726 2119 960 2206 appellandum,
980 2120 1071 2184 nulla
1089 2128 1230 2205 superest
1241 2120 1402 2207 tragoedia
1415 2123 1454 2188 ab

334 2231 489 2317 Aeschylo
521 2254 557 2296 eo
584 2233 714 2297 consilio
745 2235 918 2319 conscripta
947 2242 985 2298 ut
1009 2234 1214 2299 Athenienses
1235 2235 1376 2300 meliores
1398 2244 1455 2300 aut

331 2345 473 2410 fortiores
504 2347 624 2424 fierent,
653 2369 693 2411 ne
724 2347 849 2433 Septem
881 2347 1028 2412 adversus
1058 2347 1178 2413 Thebas
1201 2349 1337 2432 quidem,
1362 2372 1455 2433 quam

331 2460 560 2546 Aristophanes
599 2459 710 2543 Ἀρεύς
754 2463 864 2539 μεστόν
898 2470 997 2544 vocat,
1034 2463 1148 2546 cuique
1182 2462 1348 2549 Euripides
1382 2487 1455 2530 suas

333 2571 519 2639 Phoenissae
540 2597 696 2661 opponere
719 2577 884 2662 potuisset.

333 2799 386 2865 Vs.
411 2792 493 2864 992.
550 2799 622 2864 rubr
645 2802 701 2879 μὲν
723 2800 865 2874 λεύσσεις,
889 2802 1016 2883 Φαίδιμ’
1037 2804 1197 2882 Ἀχιλλεῦ.

376 2914 478 2979 Schol.
503 2913 564 2979 ἔστι
587 2915 618 2980 δὲ
640 2915 723 2996 υἰρχίι
746 2913 823 2990 αὕτη
848 2916 1038 2997 Μυρμιδόνων
1062 2916 1224 2997 Αἰσχύλου.
1250 2916 1301 2982 Fr.
1328 2918 1389 2980 127
1411 2917 1453 2982 N.

334 3032 396 3093 128
421 3028 460 3093 D.

330 3257 384 3322 Vs.
412 3248 516 3320 1028.
552 3253 663 3336 ε’χυίρνν
686 3261 757 3334 γοῦν
781 3255 852 3329 ἡνίκ’
876 3254 989 3329 ἥκουσα
1010 3254 1074 3336 περὶ
1101 3255 1220 3337 Δαρείου
1243 3258 1404 3329 σεύνεύσυς.
1542 3334 1543 3337 ¹

374 3372 490 3456 Agitur
522 3369 560 3433 de
590 3370 736 3455 Aeschyli
760 3368 873 3434 Persis.
898 3368 945 3434 Cf.
970 3391 1049 3453 quae
1073 3369 1112 3433 de
1134 3369 1194 3434 hoc
1218 3370 1285 3436 loco
1308 3379 1455 3456 corrupto
1487 3391 1490 3398 ’

330 3485 572 3570 disputaverunt
595 3482 747 3564 Fritsche,
773 3482 918 3560 Dindorf,
944 3482 1045 3548 Koch.

374 3597 547 3678 Patroclus,
571 3619 615 3662 vs.
643 3600 739 3675 1011,
764 3597 797 3660 in
817 3595 1069 3682 Myrmidonibus
1088 3597 1254 3682 prodierat,
1268 3597 1407 3662 Teucrus
1420 3598 1453 3663 in

329 3711 455 3796 trilogia
478 3709 605 3776 “Oeten
628 3711 726 3792 κρίσις,
747 3719 888 3792 Θρῆσσαι,
907 3711 1092 3788 Σαλαμίνιαι
1110 3712 1270 3797 inscripta,
1290 3712 1327 3776 fr.
1341 3711 1454 3776 Aesch.

332 3825 371 3890 77
403 3822 442 3888 Ι).
474 3823 663 3909 Aeschylum
694 3823 809 3888 iudea
834 3847 878 3889 vs.
908 3826 992 3888 1006
1016 3825 1143 3910 tragicis
1167 3825 1267 3891 verbis
1293 3826 1337 3890 uti
1363 3848 1455 3890 nemo

330 3961 393 4003 non
416 3937 511 4003 videt.

328 4161 381 4227 Vs.
409 4155 512 4226 1050.
549 4162 591 4227 ύτι
614 4163 826 4242 pervaleam}
850 4164 988 4243 γενναίων
1010 4165 1118 4245 ἀνδρῶν
1142 4164 1273 4244 αἰλύχυυς
1292 4164 1454 4238 ἀνέπεισας

551 4278 654 4342 κύνεια
671 4286 756 4355 πιεῖν,
769 4279 978 4359 αἰσχυνθείσας
990 4279 1040 4343 διὰ
1051 4279 1117 4350 rab:
1130 4279 1196 4350 συύς
1209 4279 1454 4360 Βελλεροφόντας.

375 4391 477 4455 Schol.
515 4393 599 4455 1043
627 4391 756 4463 ε’λύύντυς
786 4386 833 4456 υύν
865 4393 959 4456 ἐκεῖσε
991 4392 1219 4473 Βελλεροφόντου
1247 4390 1298 4455 καί
1330 4393 1455 4473 κκύαρυύ

329 4505 483 4586 Φανέντυς,
508 4507 551 4582 μὴ
574 4504 704 4588 φέρουσα
723 4505 776 4577 σίνν
794 4505 941 4586 αἰσχύνην
961 4506 978 4579 ἡ
999 4505 1156 4583 Σύενὲβυια
1175 4506 1277 4587 κωνείῳ
1293 4507 1453 4586 ἐχρήσατο,
