3592 5484
857 626 944 673 sves.
1392 611 1433 673 99

333 798 437 880 dente,
468 806 501 864 et
523 797 632 862 afferat
653 794 714 862 Od.
739 795 768 861 X
789 799 862 878 507,
888 795 940 862 ubi
960 796 1093 883 legimns
1119 795 1257 884 Ulyssem
1281 798 1320 864 ab
1346 800 1449 867 insula

332 913 439 982 Circes
469 915 642 1002 proiectum
673 935 735 979 nou
766 920 874 977 austro
901 913 1057 999 navigasse
1088 912 1141 979 sed
1164 913 1319 999 aquilone,
1346 915 1452 1002 ithue

331 1031 490 1117 regionem
514 1030 659 1116 petivisse
683 1029 764 1093 inter
788 1049 931 1093 occasum
956 1028 1029 1094 solis
1051 1036 1083 1092 et
1103 1028 1265 1094 meridiem
1279 1031 1380 1094 eitam.
1395 1030 1455 1096 Oui

331 1144 501 1232 respondeo
537 1144 614 1209 hanc
645 1166 751 1208 revera
781 1143 874 1208 luisse
904 1143 1082 1228 opinionem
1113 1151 1223 1230 poetae
1246 1145 1300 1229 qui
1327 1144 1456 1212 Ne'xvrev

334 1262 417 1338 lecit,
442 1260 516 1325 inde
540 1283 611 1325 vcro
636 1259 809 1344 consequi
834 1257 1022 1343 Aeschylum
1046 1280 1170 1343 quoque
1194 1259 1250 1324 hos
1274 1259 1457 1327 Cimmerios

334 1377 366 1442 in
399 1377 456 1441 hac
486 1384 640 1440 terrerum
665 1383 753 1462 purte
778 1374 924 1460 posuisse.
952 1372 1129 1438 Mirandum
1155 1383 1202 1439 est
1225 1376 1364 1461 prolecto
1387 1399 1460 1464 poe·

334 1501 396 1557 tarn
430 1493 558 1564 Νεκυίκς
582 1497 690 1555 contra
714 1489 817 1554 omnia
843 1500 980 1554 veterum
1004 1488 1183 1554 testimonia
1206 1488 1388 1557 Cimmerios
1413 1493 1457 1558 in·

333 1608 417 1674 colas
444 1607 589 1673 habuisse
622 1607 759 1693 regionis
788 1607 981 1672 occidentem
1004 1605 1100 1672 solem
1125 1607 1304 1691 spectantis,
1328 1615 1455 1674 etcum

334 1724 461 1790 nullum
495 1746 625 1809 usquam
661 1723 719 1788 hac
754 1723 793 1787 de
825 1745 857 1787 re
888 1721 1100 1787 testimonium
1132 1723 1306 1808 reperiatur
1336 1732 1458 1810 praeter

335 1839 491 1927 Odysseae
514 1839 618 1905 locum
642 1838 785 1917 allatum,
812 1837 978 1902 verisimile
996 1837 1073 1902 mihi
1093 1836 1217 1902 videtur
1238 1847 1360 1924 poetam
1381 1838 1458 1904 dues

334 1980 382 2022 res
413 1957 549 2021 divorsas
579 1953 756 2020 confudisse
779 1963 811 2018 et
834 1953 1042 2032 coniunxisse,
1066 1951 1210 2018 tenebras
1233 1953 1402 2020 occidentis
1425 1962 1458 2020 et

333 2080 456 2137 noctem
481 2069 721 2136 cimmeriorum
737 2067 772 2153 ¹).

378 2186 439 2252 Sed
462 2193 537 2252 utut
561 2192 617 2263 est,
642 2193 762 2250 certum
786 2191 837 2249 est
856 2183 1042 2270 Aeschylum
1062 2181 1244 2250 Cimmerios
1264 2185 1384 2251 novisse
1396 2185 1454 2251 sub

331 2301 598 2389 septentrionibus
628 2300 816 2378 habitantes,
848 2297 952 2364 Prom.
986 2299 1066 2378 ⁷80;
1091 2298 1180 2363 nulla
1204 2299 1302 2385 igitur
1325 2300 1455 2367 difficul-

331 2424 397 2481 tate
420 2417 574 2504 premitnr
597 2416 776 2481 coniectura
802 2413 1006 2499 Aeschylum,
1030 2415 1085 2498 qui
1108 2435 1145 2478 ex
1169 2411 1307 2478 Homero
1330 2423 1459 2481 noverat

335 2531 476 2620 Ulyssem
507 2532 591 2596 hunc
620 2531 774 2619 populum
797 2530 920 2608 adiisse,
943 2530 1085 2594 deveris
1108 2528 1284 2594 Cimmeriis
1307 2532 1459 2616 cogitasse

333 2656 365 2713 et
396 2645 572 2712 Cimmerici
596 2647 820 2728 ψυχομαντείου
843 2646 876 2709 in
899 2643 1077 2710 Promethei
1100 2643 1222 2710 casibus
1245 2645 1457 2714 describendis

334 2765 525 2828 mentionem
548 2762 665 2827 fecisse.

378 2879 469 2961 Quae
481 2879 507 2944 si
520 2876 710 2958 admittitur,
721 2877 822 2954 λίμνη,
836 2899 880 2942 vs.
897 2878 980 2941 1553
996 2876 1122 2954 Avium,
1134 2877 1302 2963 respondet
1311 2878 1456 2965 Aeschyli

332 2995 423 3076 musy
451 3015 546 3081 prope
569 2993 724 3058 Isthmum
748 2991 968 3057 cimmericum
995 2992 1048 3076 qui
1074 2991 1168 3056 etiam
1188 2990 1294 3057 Prom.
1321 2996 1382 3059 ⁷29
1408 3016 1457 3060 oo

333 3108 444 3190 currit,
474 3115 506 3173 et
535 3106 700 3181 >insincere
732 3107 891 3172 detortum
918 3114 965 3172 est
984 3105 1145 3192 epitheton
1169 3105 1307 3192 ipsorum
1328 3105 1460 3175 Cimme

333 3222 451 3288 riorum
474 3221 529 3306 qui
553 3221 586 3287 iu
610 3219 719 3286 umbra
740 3228 772 3286 et
791 3219 926 3286 tenebris
946 3221 1041 3285 vitam
1061 3220 1182 3306 degunt
1200 3218 1256 3301 ἠέρι
1274 3220 1327 3286 xxi
1347 3222 1456 3306 νεφέλῃ

332 3337 559 3415 κεκαλυμμένοι.
600 3335 741 3400 Fortasse
778 3342 954 3409 emendem,-
991 3357 1043 3400 eos
1071 3335 1241 3422 appellavit
1274 3337 1456 3423 Aeschylus,

331 3455 415 3520 sicut
437 3452 573 3518 Bacchas
597 3453 784 3524 νυκτιπόλους
806 3450 984 3537 Euripides,
1005 3450 1076 3516 Ion.
1104 3454 1177 3517 718.

379 3566 500 3632 Deinde
528 3567 562 3632 in
590 3552 739 3652 ¹Aeschyli
762 3566 922 3652 tragoedia
946 3588 1007 3631 non
1031 3565 1166 3643 κάμηλον
1189 3566 1347 3652 iugulavit
1369 3567 1459 3655 Ulys-

331 3707 379 3749 ses
414 3682 468 3749 sed
503 3689 606 3760 μῆλον,
642 3680 681 3745 ad
713 3682 803 3746 cuius
834 3682 1016 3766 sanguinem
1050 3704 1121 3746 cnm
1157 3683 1277 3747 animae
1314 3685 1458 3750 accedere

332 3806 484 3886 cuperent
508 3795 579 3882 (Od.
604 3795 652 3862 XI
676 3800 742 3881 50),
766 3819 856 3862 versu
882 3799 966 3861 1563
990 3796 1195 3878 desideratur,
1214 3799 1240 3862 si
1259 3798 1337 3883 quid
1357 3800 1457 3880 video,

333 3912 520 3979 vocabulum
541 3906 628 3990 atus
647 3910 818 3977 Lenissima
838 3920 885 3977 est
904 3912 1081 3977 emendatio
1097 3910 1226 3976 Kusteri
1246 3915 1458 3999 prostrates

369 4129 387 4187 ¹)
404 4128 428 4176 J.
448 4128 476 4177 B.
495 4124 635 4176 l'riedreich
653 4124 766 4185 (Realico
783 4125 799 4174 i.
817 4124 840 4176 d.
859 4125 890 4175 Il.
908 4141 930 4175 u.
949 4124 993 4175 Od.
1013 4141 1034 4191 p.
1054 4123 1107 4186 bil:
1129 4124 1211 4184 „Dese
1227 4124 1266 4175 die
1285 4125 1458 4177 himmerische

334 4219 436 4279 „Nacht
458 4219 502 4269 aul
522 4217 568 4267 den
590 4222 728 4267 humentes
755 4216 855 4267 Norden
872 4217 915 4267 der
931 4216 995 4268 Erde
1012 4217 1137 4274 hicesius,
1158 4217 1189 4266 ist
1209 4217 1279 4267 nicht
1295 4234 1325 4267 zu
1343 4218 1459 4282 linguon,

333 4312 404 4374 „und
422 4328 479 4363 mco
497 4312 562 4360 huon
580 4308 717 4374 allerdiogs
735 4310 886 4368 vermuthen,
906 4310 948 4359 das
965 4310 1018 4360 dem
1038 4309 1140 4360 Dichter
1157 4311 1211 4360 eine
1226 4311 1318 4361 donhlc
1334 4312 1394 4377 Sage
1411 4329 1458 4363 voa

333 4405 397 4466 „der
422 4405 533 4456 mebrere
559 4404 677 4453 hlouaten
706 4402 827 4453 deuernde
846 4402 926 4453 Nacht
945 4403 1127 4468 vorgescbwebt
1143 4402 1213 4462 hobc,
1231 4403 1295 4454 ohne
1313 4405 1368 4454 does
1384 4423 1410 4456 cr
1427 4425 1459 4457 aa

333 4500 395 4559 „rin
413 4500 567 4550 bestimmten
584 4497 653 4548 hund
672 4496 787 4548 decbte.”
